[{"PosterPath": "https://s3-ap-southeast-1.amazonaws.com/cinemalytics/movie/8676CEAD8F4E825BABB084F89793EA4C.jpg", "Rating": "3.5", "ReleaseDate": "10/14/2011", "Description": "", "Title": "Mujhse Fraaandship Karoge", "ImdbId": "tt2057441", "Region": "BOLLYWOOD", "RatingCount": "14", "Budget": "80000000", "TrailerLink": "https://www.youtube.com/watch?v=501JAG5YuWc", "Revenue": "319800000", "OriginalTitle": "Mujhse Fraaandship Karoge", "TrailerEmbedCode": "https://www.youtube.com/embed/501JAG5YuWc", "Country": "IN", "Genre": "Comedy", "CensorRating": "", "Runtime": "106", "Id": "696479fb"},{"PosterPath": "https://s3-ap-southeast-1.amazonaws.com/cinemalytics/movie/129DD39AD4CBBE6A310F125260566D10.jpg", "Rating": "3.9", "ReleaseDate": "5/20/2011", "Description": "", "Title": "Pyaar Ka Punchnama", "ImdbId": "tt1926313", "Region": "BOLLYWOOD", "RatingCount": "16", "Budget": "70000000", "TrailerLink": "https://www.youtube.com/watch?v=kBIrTv-59kw", "Revenue": "170000000", "OriginalTitle": "Pyaar Ka Punchnama", "TrailerEmbedCode": "https://www.youtube.com/embed/kBIrTv-59kw", "Country": "IN", "Genre": "Drama", "CensorRating": "U/A", "Runtime": "149", "Id": "717fcf99"},{"PosterPath": "https://s3-ap-southeast-1.amazonaws.com/cinemalytics/movie/2AF40DAB93ADD089DE8D889C7DA84250.jpg", "Rating": "3.3", "ReleaseDate": "2/25/2011", "Description": "", "Title": "Tanu Weds Man", "ImdbId": "tt1694542", "Region": "BOLLYWOOD", "RatingCount": "14", "Budget": "150000000", "TrailerLink": "https://www.youtube.com/watch?v=hq0RMAuQGWA", "Revenue": "560000000", "OriginalTitle": "Tanu Weds Man", "TrailerEmbedCode": "https://www.youtube.com/embed/hq0RMAuQGWA", "Country": "IN", "Genre": "Drama", "CensorRating": "U/A", "Runtime": "119", "Id": "bfd9a92a"},{"PosterPath": "https://s3-ap-southeast-1.amazonaws.com/cinemalytics/movie/43D05E077E885E4562C8744B220013B9.jpg", "Rating": "3.6", "ReleaseDate": "1/7/2011", "Description": "", "Title": "No One Killed Jessica", "ImdbId": "tt1734110", "Region": "BOLLYWOOD", "RatingCount": "15", "Budget": "90000000", "TrailerLink": "https://www.youtube.com/watch?v=IzGZ9oL9Lv0", "Revenue": "580000000", "OriginalTitle": "No One Killed Jessica", "TrailerEmbedCode": "", "Country": "IN", "Genre": "Action", "CensorRating": "U/A", "Runtime": "136", "Id": "fd9fa026"},{"PosterPath": "https://s3-ap-southeast-1.amazonaws.com/cinemalytics/movie/D02F9A1057AF4B18484A792D04BEA6D0.jpg", "Rating": "4.05", "ReleaseDate": "7/15/2011", "Description": "", "Title": "Zindagi Na Milegi Dobara", "ImdbId": "tt1562872", "Region": "BOLLYWOOD", "RatingCount": "17", "Budget": "550000000", "TrailerLink": "https://www.youtube.com/watch?v=61Vc46RbVOs", "Revenue": "1530000000", "OriginalTitle": "Zindagi Na Milegi Dobara", "TrailerEmbedCode": "", "Country": "IN", "Genre": "Adventure", "CensorRating": "U/A", "Runtime": "155", "Id": "17268f16"},{"PosterPath": "https://s3-ap-southeast-1.amazonaws.com/cinemalytics/movie/D790938E67CE103AECAB87D3DFCA327A.jpg", "Rating": "3.1", "ReleaseDate": "11/6/2011", "Description": "", "Title": "Dum Maro Dum", "ImdbId": "tt1618430", "Region": "BOLLYWOOD", "RatingCount": "13", "Budget": "350000000", "TrailerLink": "https://www.youtube.com/watch?v=QIzjmjMMD6c", "Revenue": "540000000", "OriginalTitle": "Dum Maro Dum", "TrailerEmbedCode": "https://www.youtube.com/embed/QIzjmjMMD6c", "Country": "IN", "Genre": "Drama", "CensorRating": "U/A", "Runtime": "130", "Id": "6bc5baa8"},{"PosterPath": "https://s3-ap-southeast-1.amazonaws.com/cinemalytics/movie/D9D9D7A95445996C7C8A0FFC9D5E23DD.jpg", "Rating": "3.75", "ReleaseDate": "2/4/2011", "Description": "", "Title": "Yeh Saali Zindagi", "ImdbId": "tt1754920", "Region": "BOLLYWOOD", "RatingCount": "15", "Budget": "80000000", "TrailerLink": "https://www.youtube.com/watch?v=44Hvk7CwdnQ", "Revenue": "107500000", "OriginalTitle": "Yeh Saali Zindagi", "TrailerEmbedCode": "https://www.youtube.com/embed/44Hvk7CwdnQ", "Country": "IN", "Genre": "Drama", "CensorRating": "U/A", "Runtime": "130", "Id": "627e1d7b"},{"PosterPath": "https://s3-ap-southeast-1.amazonaws.com/cinemalytics/movie/6FEB48D8C2051AEA46C3535FF7EF4D35.jpg", "Rating": "2.3", "ReleaseDate": "4/8/2011", "Description": "", "Title": "Thank You", "ImdbId": "tt0016417", "Region": "BOLLYWOOD", "RatingCount": "10", "Budget": "580000000", "TrailerLink": "https://www.youtube.com/watch?v=2fyes_DaF-w", "Revenue": "700000000", "OriginalTitle": "Thank You", "TrailerEmbedCode": "https://www.youtube.com/embed/2fyes_DaF-w", "Country": "IN", "Genre": "Comedy", "CensorRating": "U/A", "Runtime": "125", "Id": "0946f343"},{"PosterPath": "https://s3-ap-southeast-1.amazonaws.com/cinemalytics/movie/6F5C896EBA10A2BD6A06B3DCFA9CA6F8.jpg", "Rating": "3.8", "ReleaseDate": "11/11/2011", "Description": "", "Title": "Rockstar", "ImdbId": "tt1839596", "Region": "BOLLYWOOD", "RatingCount": "16", "Budget": "600000000", "TrailerLink": "https://www.youtube.com/watch?v=bD5FShPZdpw", "Revenue": "1008000000", "OriginalTitle": "Rockstar", "TrailerEmbedCode": "https://www.youtube.com/embed/bD5FShPZdpw", "Country": "IN", "Genre": "Romance", "CensorRating": "U/A", "Runtime": "159", "Id": "0e8b2552"},{"PosterPath": "https://s3-ap-southeast-1.amazonaws.com/cinemalytics/movie/CBCE909083B310945F06BD664A9BA4EF.jpg", "Rating": "2.25", "ReleaseDate": "8/31/2011", "Description": "", "Title": "Bodyguard", "ImdbId": "tt1729637", "Region": "BOLLYWOOD", "RatingCount": "9", "Budget": "650000000", "TrailerLink": "https://www.youtube.com/watch?v=GoF4OJkWH3", "Revenue": "2530000000", "OriginalTitle": "Bodyguard", "TrailerEmbedCode": "https://www.youtube.com/embed/GoF4OJkWH3U", "Country": "IN", "Genre": "Romance", "CensorRating": "U/A", "Runtime": "131", "Id": "339d6eaf"},{"PosterPath": "https://s3-ap-southeast-1.amazonaws.com/cinemalytics/movie/C53116E153DFADD64D3E865B7ADCE384.jpg", "Rating": "2.4", "ReleaseDate": "10/26/2011", "Description": "", "Title": "RaOne", "ImdbId": "tt1562871", "Region": "BOLLYWOOD", "RatingCount": "10", "Budget": "1300000000", "TrailerLink": "https://www.youtube.com/watch?v=pBud7byobX0", "Revenue": "2400000000", "OriginalTitle": "Ra.One", "TrailerEmbedCode": "https://www.youtube.com/embed/pBud7byobX0", "Country": "IN", "Genre": "Action", "CensorRating": "U/A", "Runtime": "156", "Id": "9848567b"},{"PosterPath": "https://s3-ap-southeast-1.amazonaws.com/cinemalytics/movie/A87298595934A82C47E0BB5B56DC7CE8.jpg", "Rating": "3.95", "ReleaseDate": "10/5/2012", "Description": "", "Title": "English Vinglish", "ImdbId": "tt2181931", "Region": "BOLLYWOOD", "RatingCount": "16", "Budget": "150000000", "TrailerLink": "https://www.youtube.com/watch?v=8dWir9Q_Vek", "Revenue": "1200000000", "OriginalTitle": "English Vinglish", "TrailerEmbedCode": "", "Country": "IN", "Genre": "Comedy", "CensorRating": "U/A", "Runtime": "134", "Id": "3e3501b9"},{"PosterPath": "https://s3-ap-southeast-1.amazonaws.com/cinemalytics/movie/38B62E5E1C463EFCAA6B7C231BE9FB17.jpg", "Rating": "3.9", "ReleaseDate": "4/20/2012", "Description": "", "Title": "Vicky Donor", "ImdbId": "tt2317337", "Region": "BOLLYWOOD", "RatingCount": "16", "Budget": "50000000", "TrailerLink": "https://www.youtube.com/watch?v=Jme-VkIzkoU", "Revenue": "645000000", "OriginalTitle": "Vicky Donor", "TrailerEmbedCode": "", "Country": "IN", "Genre": "Action", "CensorRating": "U/A", "Runtime": "126", "Id": "f3ddc022"},{"PosterPath": "https://s3-ap-southeast-1.amazonaws.com/cinemalytics/movie/35D37594FCF2A04D4687042AB0F37838.jpg", "Rating": "2.15", "ReleaseDate": "10/5/2012", "Description": "", "Title": "Kismet Love Paisa Dilli", "ImdbId": "tt2402131", "Region": "BOLLYWOOD", "RatingCount": "9", "Budget": "100000000", "TrailerLink": "https://www.youtube.com/watch?v=Q1n2QoAyJDM", "Revenue": "0", "OriginalTitle": "Kismet Love Paisa Dilli", "TrailerEmbedCode": "https://www.youtube.com/embed/Q1n2QoAyJDM", "Country": "IN", "Genre": "Comedy", "CensorRating": "U/A", "Runtime": "129", "Id": "4acea0ff"},{"PosterPath": "https://s3-ap-southeast-1.amazonaws.com/cinemalytics/movie/AB312050CC89097FEFD90EB144B6C503.jpg", "Rating": "4.15", "ReleaseDate": "8/8/2012", "Description": "", "Title": "Gangs Of Wasseypur", "ImdbId": "tt1954470", "Region": "BOLLYWOOD", "RatingCount": "17", "Budget": "92000000", "TrailerLink": "https://www.youtube.com/watch?v=S3PZbL8JGYQ", "Revenue": "239600000", "OriginalTitle": "Gangs of Wasseypur", "TrailerEmbedCode": "https://www.youtube.com/embed/S3PZbL8JGYQ", "Country": "IN", "Genre": "Action", "CensorRating": "U/A", "Runtime": "159", "Id": "485d817f"},{"PosterPath": "https://s3-ap-southeast-1.amazonaws.com/cinemalytics/movie/72D92EFC736EABA5535145078EADA789.jpg", "Rating": "3.05", "ReleaseDate": "7/12/2012", "Description": "", "Title": "Cocktail", "ImdbId": "tt2168910", "Region": "BOLLYWOOD", "RatingCount": "13", "Budget": "350000000", "TrailerLink": "https://www.youtube.com/watch?v=9FfBzyiU0Z", "Revenue": "770000000", "OriginalTitle": "Cocktail", "TrailerEmbedCode": "https://www.youtube.com/embed/9FfBzyiU0ZU", "Country": "IN", "Genre": "Drama", "CensorRating": "U/A", "Runtime": "146", "Id": "a24b1e53"},{"PosterPath": "https://s3-ap-southeast-1.amazonaws.com/cinemalytics/movie/A379714CD28515AA4181F2DFD45836C1.png", "Rating": "1.95", "ReleaseDate": "11/13/2012", "Description": "", "Title": "Son Of Sardaar", "ImdbId": "tt2178508", "Region": "BOLLYWOOD", "RatingCount": "8", "Budget": "300000000", "TrailerLink": "https://www.youtube.com/watch?v=LOlcpr7qEv4", "Revenue": "1500000000", "OriginalTitle": "Son of Sardaar", "TrailerEmbedCode": "https://www.youtube.com/embed/LOlcpr7qEv4", "Country": "IN", "Genre": "Romance", "CensorRating": "U/A", "Runtime": "141", "Id": "d6dd08a0"},{"PosterPath": "https://s3-ap-southeast-1.amazonaws.com/cinemalytics/movie/47706185BDD1D66E9D7CFCE6DB96F9EF.jpg", "Rating": "2.75", "ReleaseDate": "10/19/2012", "Description": "", "Title": "Student Of The Year", "ImdbId": "tt2172071", "Region": "BOLLYWOOD", "RatingCount": "11", "Budget": "590000000", "TrailerLink": "https://www.youtube.com/watch?v=fivOhPjX9YM", "Revenue": "955600000", "OriginalTitle": "Student of the Year", "TrailerEmbedCode": "https://www.youtube.com/embed/fivOhPjX9YM", "Country": "IN", "Genre": "Action", "CensorRating": "U/A", "Runtime": "146", "Id": "ccd80253"},{"PosterPath": "https://s3-ap-southeast-1.amazonaws.com/cinemalytics/movie/448448AB0AD256FBF8956F23672B84C0.png", "Rating": "1.9", "ReleaseDate": "11/15/2013", "Description": "", "Title": "Rajjo", "ImdbId": "tt2438764", "Region": "BOLLYWOOD", "RatingCount": "8", "Budget": "120000000", "TrailerLink": "https://www.youtube.com/watch?v=MWGgFwFQpbI", "Revenue": "20000000", "OriginalTitle": "Rajjo", "TrailerEmbedCode": "https://www.youtube.com/embed/MWGgFwFQpbI", "Country": "IN", "Genre": "Drama", "CensorRating": "U/A", "Runtime": "137", "Id": "023f2fa6"},{"PosterPath": "https://s3-ap-southeast-1.amazonaws.com/cinemalytics/movie/7ECA5EDE0B37A829F1845866BF7225B8.jpg", "Rating": "2.95", "ReleaseDate": "11/8/2013", "Description": "", "Title": "Satya 2", "ImdbId": "tt3059106", "Region": "BOLLYWOOD", "RatingCount": "12", "Budget": "150000000", "TrailerLink": "https://www.youtube.com/watch?v=fh85_3lPikY", "Revenue": "0", "OriginalTitle": "Satya 2", "TrailerEmbedCode": "https://www.youtube.com/embed/fh85_3lPikY", "Country": "IN", "Genre": "Drama", "CensorRating": "U/A", "Runtime": "142", "Id": "2eaf3df7"},{"PosterPath": "https://s3-ap-southeast-1.amazonaws.com/cinemalytics/movie/985E152DC35C11FDDCB18398AE7CDAD3.jpg", "Rating": "3.05", "ReleaseDate": "10/25/2013", "Description": "", "Title": "Mickey Virus", "ImdbId": "tt2796318", "Region": "BOLLYWOOD", "RatingCount": "13", "Budget": "110000000", "TrailerLink": "https://www.youtube.com/watch?v=uX_H9PjlaZs", "Revenue": "0", "OriginalTitle": "Mickey Virus", "TrailerEmbedCode": "https://www.youtube.com/embed/uX_H9PjlaZs", "Country": "IN", "Genre": "Thriller", "CensorRating": "U/A", "Runtime": "135", "Id": "c54d8149"},{"PosterPath": "https://s3-ap-southeast-1.amazonaws.com/cinemalytics/movie/47F7A7FEFAEE111661F147FA0B582801.jpg", "Rating": "3.9", "ReleaseDate": "9/20/2013", "Description": "", "Title": "The Lunchbox", "ImdbId": "tt2350496", "Region": "BOLLYWOOD", "RatingCount": "16", "Budget": "220000000", "TrailerLink": "https://www.youtube.com/watch?v=Enq9nNGnMFY", "Revenue": "1008500000", "OriginalTitle": "The Lunchbox", "TrailerEmbedCode": "https://www.youtube.com/embed/Enq9nNGnMFY", "Country": "IN", "Genre": "Drama", "CensorRating": "U/A", "Runtime": "105", "Id": "2c687cdc"},{"PosterPath": "https://s3-ap-southeast-1.amazonaws.com/cinemalytics/movie/70EAB5CE84342B00913820EB8B23B120.jpg", "Rating": "2.8", "ReleaseDate": "1/18/2013", "Description": "", "Title": "Mumbai Mirror", "ImdbId": "tt2633826", "Region": "BOLLYWOOD", "RatingCount": "12", "Budget": "350000000", "TrailerLink": "https://www.youtube.com/watch?v=E__fc8xl_sw", "Revenue": "0", "OriginalTitle": "Mumbai Mirror", "TrailerEmbedCode": "https://www.youtube.com/embed/E__fc8xl_sw", "Country": "IN", "Genre": "Thriller", "CensorRating": "U/A", "Runtime": "132", "Id": "01ed3b89"},{"PosterPath": "https://s3-ap-southeast-1.amazonaws.com/cinemalytics/movie/E64FFC1D4B2AA51E4ED1C0727BD0E171.jpg", "Rating": "3.55", "ReleaseDate": "1/4/2013", "Description": "", "Title": "Table No 21", "ImdbId": "tt2229842", "Region": "BOLLYWOOD", "RatingCount": "15", "Budget": "120000000", "TrailerLink": "https://www.youtube.com/watch?v=RUC3SZgo_DA", "Revenue": "150000000", "OriginalTitle": "Table No. 21", "TrailerEmbedCode": "https://www.youtube.com/embed/RUC3SZgo_DA", "Country": "IN", "Genre": "Thriller", "CensorRating": "U/A", "Runtime": "108", "Id": "50b81146"},{"PosterPath": "https://s3-ap-southeast-1.amazonaws.com/cinemalytics/movie/D6234546319344B0E5C8A27944AE3BB8.jpg", "Rating": "1.75", "ReleaseDate": "2/22/2013", "Description": "", "Title": "Zila Ghaziabad", "ImdbId": "tt2171454", "Region": "BOLLYWOOD", "RatingCount": "7", "Budget": "360000000", "TrailerLink": "https://www.youtube.com/watch?v=jsvz1lrc_O0", "Revenue": "160000000", "OriginalTitle": "Zila Ghaziabad", "TrailerEmbedCode": "https://www.youtube.com/embed/jsvz1lrc_O0", "Country": "IN", "Genre": "Action", "CensorRating": "U/A", "Runtime": "143", "Id": "4e0e953e"},{"PosterPath": "https://s3-ap-southeast-1.amazonaws.com/cinemalytics/movie/A4C9C8BDE7E1DD63537C6ED27A67824C.jpg", "Rating": "4.12273", "ReleaseDate": "2/7/2013", "Description": "", "Title": "Vishwaroopam", "ImdbId": "tt2199711", "Region": "BOLLYWOOD", "RatingCount": "22", "Budget": "950000000", "TrailerLink": "https://www.youtube.com/watch?v=RAwm2We6pVw", "Revenue": "2200000000", "OriginalTitle": "Vishwaroopam", "TrailerEmbedCode": "https://www.youtube.com/embed/RAwm2We6pVw", "Country": "IN", "Genre": "Action", "CensorRating": "U/A", "Runtime": "148", "Id": "f010ebcb"},{"PosterPath": "https://s3-ap-southeast-1.amazonaws.com/cinemalytics/movie/E7ED5B23105681B9528B7338860B2B4D.jpeg", "Rating": "2.9", "ReleaseDate": "1/11/2013", "Description": "", "Title": "Matru Ki Bijlee Ka Mandola", "ImdbId": "tt2106537", "Region": "BOLLYWOOD", "RatingCount": "12", "Budget": "450000000", "TrailerLink": "https://www.youtube.com/watch?v=o0FFsm7qyjc", "Revenue": "425000000", "OriginalTitle": "Matru Ki Bijlee Ka Mandola", "TrailerEmbedCode": "https://www.youtube.com/embed/o0FFsm7qyjc", "Country": "IN", "Genre": "Action", "CensorRating": "U/A", "Runtime": "151", "Id": "52e59271"},{"PosterPath": "https://s3-ap-southeast-1.amazonaws.com/cinemalytics/movie/9A13B93748C801B1B4B2396CE11DA6D1.jpg", "Rating": "1.2", "ReleaseDate": "4/4/2013", "Description": "", "Title": "Shortcut Romeo", "ImdbId": "tt2066062", "Region": "BOLLYWOOD", "RatingCount": "5", "Budget": "150000000", "TrailerLink": "https://www.youtube.com/watch?v=mnfoDyxjb4o", "Revenue": "25800000", "OriginalTitle": "Shortcut Romeo", "TrailerEmbedCode": "https://www.youtube.com/embed/mnfoDyxjb4o", "Country": "IN", "Genre": "Action", "CensorRating": "U/A", "Runtime": "146", "Id": "e7780057"},{"PosterPath": "https://s3-ap-southeast-1.amazonaws.com/cinemalytics/movie/EB3FCEA208F86F0A253C0AA1094FB800.jpg", "Rating": "2.7", "ReleaseDate": "4/5/2013", "Description": "", "Title": "Chashme Baddoor", "ImdbId": "tt2229848", "Region": "BOLLYWOOD", "RatingCount": "11", "Budget": "250000000", "TrailerLink": "https://www.youtube.com/watch?v=WYmrzuxJAUI", "Revenue": "590000000", "OriginalTitle": "Chashme Baddoor", "TrailerEmbedCode": "https://www.youtube.com/embed/WYmrzuxJAUI", "Country": "IN", "Genre": "Comedy", "CensorRating": "U/A", "Runtime": "135", "Id": "bb82c0d3"},{"PosterPath": "https://s3-ap-southeast-1.amazonaws.com/cinemalytics/movie/82B3AE2EA1E7523E4E4914C91525A810.jpg", "Rating": "2.9", "ReleaseDate": "9/13/2013", "Description": "", "Title": "Shuddh Desi Romance", "ImdbId": "tt2988272", "Region": "BOLLYWOOD", "RatingCount": "12", "Budget": "250000000", "TrailerLink": "https://www.youtube.com/watch?v=o2Hle83Plpo", "Revenue": "550000000", "OriginalTitle": "Shuddh Desi Romance", "TrailerEmbedCode": "https://www.youtube.com/embed/o2Hle83Plpo", "Country": "IN", "Genre": "Action", "CensorRating": "U/A", "Runtime": "141", "Id": "ff18c6d0"},{"PosterPath": "https://s3-ap-southeast-1.amazonaws.com/cinemalytics/movie/895D91CD89BEB90E86088B1B9C318CBC.jpg", "Rating": "3.85", "ReleaseDate": "2/13/2013", "Description": "", "Title": "Kai Po Che!", "ImdbId": "tt2213054", "Region": "BOLLYWOOD", "RatingCount": "16", "Budget": "300000000", "TrailerLink": "https://www.youtube.com/watch?v=a1s3YIagZOo", "Revenue": "622000000", "OriginalTitle": "Kai Po Che!", "TrailerEmbedCode": "https://www.youtube.com/embed/a1s3YIagZOo", "Country": "IN", "Genre": "Drama", "CensorRating": "U/A", "Runtime": "120", "Id": "c1894563"},{"PosterPath": "https://s3-ap-southeast-1.amazonaws.com/cinemalytics/movie/691463F792A2E5A091B2F349BDC956B9.jpg", "Rating": "4.15", "ReleaseDate": "7/12/2013", "Description": "", "Title": "Bhaag Milkha Bhaag", "ImdbId": "tt2356180", "Region": "BOLLYWOOD", "RatingCount": "17", "Budget": "300000000", "TrailerLink": "https://www.youtube.com/watch?v=0nR9JS2WsNg", "Revenue": "1640000000", "OriginalTitle": "Bhaag Milkha Bhaag", "TrailerEmbedCode": "https://www.youtube.com/embed/0nR9JS2WsNg", "Country": "IN", "Genre": "Action", "CensorRating": "U/A", "Runtime": "189", "Id": "f0372714"},{"PosterPath": "https://s3-ap-southeast-1.amazonaws.com/cinemalytics/movie/80D6B84F353148C634520116550680E7.jpg", "Rating": "3.9", "ReleaseDate": "8/23/2013", "Description": "", "Title": "Madras Cafe", "ImdbId": "tt2855648", "Region": "BOLLYWOOD", "RatingCount": "16", "Budget": "350000000", "TrailerLink": "https://www.youtube.com/watch?v=hnkKI01I0Ac", "Revenue": "510000000", "OriginalTitle": "Madras Cafe", "TrailerEmbedCode": "https://www.youtube.com/embed/hnkKI01I0Ac", "Country": "IN", "Genre": "Action", "CensorRating": "U/A", "Runtime": "130", "Id": "f849e58f"},{"PosterPath": "https://s3-ap-southeast-1.amazonaws.com/cinemalytics/movie/9BDFB1B98B9948AD82B60137E2A98D4B.jpg", "Rating": "2.22727", "ReleaseDate": "2/15/2013", "Description": "", "Title": "Murder 3", "ImdbId": "tt2429640", "Region": "BOLLYWOOD", "RatingCount": "11", "Budget": "120000000", "TrailerLink": "https://www.youtube.com/watch?v=VKaDn_-BDoc", "Revenue": "250000000", "OriginalTitle": "Murder 3", "TrailerEmbedCode": "https://www.youtube.com/embed/VKaDn_-BDoc", "Country": "IN", "Genre": "Thriller", "CensorRating": "U/A", "Runtime": "135", "Id": "8866f15e"},{"PosterPath": "https://s3-ap-southeast-1.amazonaws.com/cinemalytics/movie/59CEE65895555682FFA60CF6DBD0F113.jpg", "Rating": "2.15", "ReleaseDate": "9/13/2013", "Description": "", "Title": "Grand Masti", "ImdbId": "tt2476154", "Region": "BOLLYWOOD", "RatingCount": "9", "Budget": "350000000", "TrailerLink": "https://www.youtube.com/watch?v=8L4qT6-fNzQ", "Revenue": "1450000000", "OriginalTitle": "Grand Masti", "TrailerEmbedCode": "https://www.youtube.com/embed/8L4qT6-fNzQ", "Country": "IN", "Genre": "Drama", "CensorRating": "U/A", "Runtime": "137", "Id": "d4249e03"},{"PosterPath": "https://s3-ap-southeast-1.amazonaws.com/cinemalytics/movie/E025AC5C70B270EB0440313175B398FD.jpg", "Rating": "2.5", "ReleaseDate": "11/22/2013", "Description": "", "Title": "Gori Tere Pyaar Mein", "ImdbId": "tt2275794", "Region": "BOLLYWOOD", "RatingCount": "10", "Budget": "300000000", "TrailerLink": "https://www.youtube.com/watch?v=cg-t4Wsa6L", "Revenue": "0", "OriginalTitle": "Gori Tere Pyaar Mein", "TrailerEmbedCode": "https://www.youtube.com/embed/cg-t4Wsa6LU", "Country": "IN", "Genre": "Romance", "CensorRating": "U/A", "Runtime": "150", "Id": "62af9e6e"},{"PosterPath": "https://s3-ap-southeast-1.amazonaws.com/cinemalytics/movie/F306373DF6DF4960CDD105C6A24B806B.jpg", "Rating": "2.55", "ReleaseDate": "12/6/2013", "Description": "", "Title": "R Rajkumar", "ImdbId": "tt2369154", "Region": "BOLLYWOOD", "RatingCount": "11", "Budget": "400000000", "TrailerLink": "https://www.youtube.com/watch?v=KsnHky4wv5w", "Revenue": "640000000", "OriginalTitle": "R... Rajkumar", "TrailerEmbedCode": "https://www.youtube.com/embed/KsnHky4wv5w", "Country": "IN", "Genre": "Action", "CensorRating": "U/A", "Runtime": "145", "Id": "afeda70f"},{"PosterPath": "https://s3-ap-southeast-1.amazonaws.com/cinemalytics/movie/3673B71C5EF757FE3EB75C5DC9A67E61.jpg", "Rating": "2.45", "ReleaseDate": "9/20/2013", "Description": "", "Title": "Phata Poster Nikhla Hero", "ImdbId": "tt2615584", "Region": "BOLLYWOOD", "RatingCount": "10", "Budget": "400000000", "TrailerLink": "https://www.youtube.com/watch?v=yCrNoy5OeOI", "Revenue": "370000000", "OriginalTitle": "Phata Poster Nikhla Hero", "TrailerEmbedCode": "https://www.youtube.com/embed/yCrNoy5OeOI", "Country": "IN", "Genre": "Comedy", "CensorRating": "U/A", "Runtime": "146", "Id": "39d080bb"},{"PosterPath": "https://s3-ap-southeast-1.amazonaws.com/cinemalytics/movie/954E13B868C9E6ACE5957DBF356F3A89.jpg", "Rating": "3.8", "ReleaseDate": "6/21/2013", "Description": "", "Title": "Raanjhanaa", "ImdbId": "tt2359810", "Region": "BOLLYWOOD", "RatingCount": "16", "Budget": "350000000", "TrailerLink": "https://www.youtube.com/watch?v=ER9vmhxFucg", "Revenue": "1200000000", "OriginalTitle": "Raanjhanaa", "TrailerEmbedCode": "https://www.youtube.com/embed/ER9vmhxFucg", "Country": "IN", "Genre": "Drama", "CensorRating": "U/A", "Runtime": "140", "Id": "7d6976d3"},{"PosterPath": "https://s3-ap-southeast-1.amazonaws.com/cinemalytics/movie/8BAB0116843A840FD22413BC1B04C536.jpg", "Rating": "2.85", "ReleaseDate": "6/28/2013", "Description": "", "Title": "Ghanchakkar", "ImdbId": "tt2246724", "Region": "BOLLYWOOD", "RatingCount": "12", "Budget": "300000000", "TrailerLink": "https://www.youtube.com/watch?v=ClncY3AQxeg", "Revenue": "380000000", "OriginalTitle": "Ghanchakkar", "TrailerEmbedCode": "https://www.youtube.com/embed/ClncY3AQxeg", "Country": "IN", "Genre": "Comedy", "CensorRating": "U/A", "Runtime": "137", "Id": "a6a0e3d4"},{"PosterPath": "https://s3-ap-southeast-1.amazonaws.com/cinemalytics/movie/1F6A5FAB035C4A45B82F79B6DF746BB9.jpg", "Rating": "2.8", "ReleaseDate": "4/19/2013", "Description": "", "Title": "Ek Thi Daayan", "ImdbId": "tt2406676", "Region": "BOLLYWOOD", "RatingCount": "12", "Budget": "240000000", "TrailerLink": "https://www.youtube.com/watch?v=UN5Ss-EV_qc", "Revenue": "450000000", "OriginalTitle": "Ek Thi Daayan", "TrailerEmbedCode": "https://www.youtube.com/embed/UN5Ss-EV_qc", "Country": "IN", "Genre": "Horror", "CensorRating": "U/A", "Runtime": "0", "Id": "f667de8f"},{"PosterPath": "https://s3-ap-southeast-1.amazonaws.com/cinemalytics/movie/049D2F595AED169E2D88890F910A0D0C.jpg", "Rating": "3.6", "ReleaseDate": "3/15/2013", "Description": "", "Title": "Jolly LLB", "ImdbId": "tt2621000", "Region": "BOLLYWOOD", "RatingCount": "15", "Budget": "100000000", "TrailerLink": "https://www.youtube.com/watch?v=cIIExNPgXm0", "Revenue": "327000000", "OriginalTitle": "Jolly LLB", "TrailerEmbedCode": "https://www.youtube.com/embed/cIIExNPgXm0", "Country": "IN", "Genre": "Drama", "CensorRating": "U/A", "Runtime": "135", "Id": "6a17f76e"},{"PosterPath": "https://s3-ap-southeast-1.amazonaws.com/cinemalytics/movie/A0475D04A1D5DF9DD5EF49FB8D0DA212.jpg", "Rating": "2.8", "ReleaseDate": "10/11/2013", "Description": "", "Title": "War Chod Na Yaar", "ImdbId": "tt3129282", "Region": "BOLLYWOOD", "RatingCount": "12", "Budget": "140000000", "TrailerLink": "https://www.youtube.com/watch?v=RmVj0zaTL5s", "Revenue": "0", "OriginalTitle": "War Chod Na Yaar", "TrailerEmbedCode": "https://www.youtube.com/embed/RmVj0zaTL5s", "Country": "IN", "Genre": "Comedy", "CensorRating": "U/A", "Runtime": "119", "Id": "fc1f82fb"},{"PosterPath": "https://s3-ap-southeast-1.amazonaws.com/cinemalytics/movie/A35CFEE89FFB5291CA0E5D989C0225FB.jpg", "Rating": "1.6", "ReleaseDate": "9/6/2013", "Description": "", "Title": "Zanjeer", "ImdbId": "tt2357489", "Region": "BOLLYWOOD", "RatingCount": "7", "Budget": "1050000000", "TrailerLink": "https://www.youtube.com/watch?v=yfdGQ6nbIM", "Revenue": "450000000", "OriginalTitle": "Zanjeer", "TrailerEmbedCode": "https://www.youtube.com/embed/yfdGQ6nbIMU", "Country": "IN", "Genre": "Action", "CensorRating": "U/A", "Runtime": "137", "Id": "d7bb6aba"},{"PosterPath": "https://s3-ap-southeast-1.amazonaws.com/cinemalytics/movie/D8C4C81170D464A262CF4F8176504DD7.jpg", "Rating": "2.05", "ReleaseDate": "7/5/2013", "Description": "", "Title": "Policegiri", "ImdbId": "tt2861320", "Region": "BOLLYWOOD", "RatingCount": "9", "Budget": "250000000", "TrailerLink": "https://www.youtube.com/watch?v=Y0YLi2YyIXk", "Revenue": "168000000", "OriginalTitle": "Policegiri", "TrailerEmbedCode": "https://www.youtube.com/embed/Y0YLi2YyIXk", "Country": "IN", "Genre": "Action", "CensorRating": "U/A", "Runtime": "141", "Id": "dd740bf7"},{"PosterPath": "https://s3-ap-southeast-1.amazonaws.com/cinemalytics/movie/BA9259055A941EE4EB38B27781E66C42.jpg", "Rating": "0.9", "ReleaseDate": "3/29/2013", "Description": "", "Title": "Himmatwala", "ImdbId": "tt2344678", "Region": "BOLLYWOOD", "RatingCount": "4", "Budget": "680000000", "TrailerLink": "https://www.youtube.com/watch?v=neqBc-8f4tY", "Revenue": "583400000", "OriginalTitle": "Himmatwala", "TrailerEmbedCode": "https://www.youtube.com/embed/neqBc-8f4tY", "Country": "IN", "Genre": "Action", "CensorRating": "U/A", "Runtime": "150", "Id": "62a695e1"},{"PosterPath": "https://s3-ap-southeast-1.amazonaws.com/cinemalytics/movie/52801CAD19FFCDFCCAEC13AA94D771BD.jpg", "Rating": "3.15", "ReleaseDate": "11/15/2013", "Description": "", "Title": "Goliyon Ki Raasleela Ram-Leela", "ImdbId": "tt2215477", "Region": "BOLLYWOOD", "RatingCount": "13", "Budget": "850000000", "TrailerLink": "https://www.youtube.com/watch?v=StphRCLkx6Q", "Revenue": "2020000000", "OriginalTitle": "Goliyon Ki Raasleela Ram-Leela", "TrailerEmbedCode": "https://www.youtube.com/embed/StphRCLkx6Q", "Country": "IN", "Genre": "Action", "CensorRating": "U/A", "Runtime": "150", "Id": "5be3e755"},{"PosterPath": "https://s3-ap-southeast-1.amazonaws.com/cinemalytics/movie/775765417F90529AAA08C8264205C947.jpg", "Rating": "3.7", "ReleaseDate": "7/5/2013", "Description": "", "Title": "Lootera", "ImdbId": "tt2224317", "Region": "BOLLYWOOD", "RatingCount": "15", "Budget": "270000000", "TrailerLink": "https://www.youtube.com/watch?v=KaNoRbUabzg", "Revenue": "280000000", "OriginalTitle": "Lootera", "TrailerEmbedCode": "https://www.youtube.com/embed/KaNoRbUabzg", "Country": "IN", "Genre": "Drama", "CensorRating": "U/A", "Runtime": "135", "Id": "45337d64"},{"PosterPath": "https://s3-ap-southeast-1.amazonaws.com/cinemalytics/movie/F37208956933516857FB062CB4181F0A.jpg", "Rating": "3.3", "ReleaseDate": "5/17/2013", "Description": "", "Title": "Aurangzeb", "ImdbId": "tt2804026", "Region": "BOLLYWOOD", "RatingCount": "14", "Budget": "200000000", "TrailerLink": "https://www.youtube.com/watch?v=qMo9jiUeopc", "Revenue": "230000000", "OriginalTitle": "Aurangzeb", "TrailerEmbedCode": "https://www.youtube.com/embed/qMo9jiUeopc", "Country": "IN", "Genre": "Action", "CensorRating": "U/A", "Runtime": "137", "Id": "900cfc3b"},{"PosterPath": "https://s3-ap-southeast-1.amazonaws.com/cinemalytics/movie/25EFA14845E283EC51BBB21FD5DCABCB.jpg", "Rating": "2.9", "ReleaseDate": "5/3/2013", "Description": "", "Title": "Shootout At Wadala", "ImdbId": "tt2301155", "Region": "BOLLYWOOD", "RatingCount": "12", "Budget": "480000000", "TrailerLink": "https://www.youtube.com/watch?v=FRwzT-oOoig", "Revenue": "750000000", "OriginalTitle": "Shootout at Wadala", "TrailerEmbedCode": "https://www.youtube.com/embed/FRwzT-oOoig", "Country": "IN", "Genre": "Action", "CensorRating": "U/A", "Runtime": "155", "Id": "d67ac2b9"},{"PosterPath": "https://s3-ap-southeast-1.amazonaws.com/cinemalytics/movie/B74632A69DB05A8E67E40CF092F45868.jpg", "Rating": "2.55", "ReleaseDate": "11/29/2013", "Description": "", "Title": "Bullett Raja", "ImdbId": "tt2551378", "Region": "BOLLYWOOD", "RatingCount": "11", "Budget": "500000000", "TrailerLink": "https://www.youtube.com/watch?v=axYebHnpikY", "Revenue": "0", "OriginalTitle": "Bullett Raja", "TrailerEmbedCode": "https://www.youtube.com/embed/axYebHnpikY", "Country": "IN", "Genre": "Action", "CensorRating": "U/A", "Runtime": "138", "Id": "5f156b82"},{"PosterPath": "https://s3-ap-southeast-1.amazonaws.com/cinemalytics/movie/55D08EDB199D94D575E4644202E2E0D9.jpg", "Rating": "2.65", "ReleaseDate": "1/25/2013", "Description": "", "Title": "Race 2", "ImdbId": "tt1375789", "Region": "BOLLYWOOD", "RatingCount": "11", "Budget": "600000000", "TrailerLink": "https://www.youtube.com/watch?v=9CwQ9PClSWk", "Revenue": "1620000000", "OriginalTitle": "Race 2", "TrailerEmbedCode": "https://www.youtube.com/embed/9CwQ9PClSWk", "Country": "IN", "Genre": "Action", "CensorRating": "U/A", "Runtime": "145", "Id": "7815f6f9"},{"PosterPath": "https://s3-ap-southeast-1.amazonaws.com/cinemalytics/movie/4B7852AE7F1FA0DEC1E91C7D4B783A9E.jpg", "Rating": "3.67188", "ReleaseDate": "7/19/2013", "Description": "", "Title": "D-Day", "ImdbId": "tt2385104", "Region": "BOLLYWOOD", "RatingCount": "16", "Budget": "300000000", "TrailerLink": "https://www.youtube.com/watch?v=6NlCkqBGnRY", "Revenue": "0", "OriginalTitle": "D-Day", "TrailerEmbedCode": "https://www.youtube.com/embed/6NlCkqBGnRY", "Country": "IN", "Genre": "Action", "CensorRating": "U/A", "Runtime": "153", "Id": "cab4dd91"},{"PosterPath": "https://s3-ap-southeast-1.amazonaws.com/cinemalytics/movie/A5A9D6322CE6CD1FC80ACDF7E460C97F.jpg", "Rating": "3.45", "ReleaseDate": "3/8/2013", "Description": "", "Title": "Saheb Biwi Aur Gangster Returns", "ImdbId": "tt2362778", "Region": "BOLLYWOOD", "RatingCount": "14", "Budget": "150000000", "TrailerLink": "https://www.youtube.com/watch?v=xFyQTtD6BzM", "Revenue": "219500000", "OriginalTitle": "Saheb Biwi Aur Gangster Returns", "TrailerEmbedCode": "https://www.youtube.com/embed/xFyQTtD6BzM", "Country": "IN", "Genre": "Action", "CensorRating": "U/A", "Runtime": "142", "Id": "99981c1c"},{"PosterPath": "https://s3-ap-southeast-1.amazonaws.com/cinemalytics/movie/64949231B23E96F4E7F775A949633605.jpg", "Rating": "3.45", "ReleaseDate": "5/31/2013", "Description": "", "Title": "Yeh Jawaani Hai Deewani", "ImdbId": "tt2178470", "Region": "BOLLYWOOD", "RatingCount": "14", "Budget": "550000000", "TrailerLink": "https://www.youtube.com/watch?v=Rbp2XUSeUNE", "Revenue": "3100000000", "OriginalTitle": "Yeh Jawaani Hai Deewani", "TrailerEmbedCode": "https://www.youtube.com/embed/Rbp2XUSeUNE", "Country": "IN", "Genre": "Drama", "CensorRating": "U/A", "Runtime": "161", "Id": "62888e90"},{"PosterPath": "https://s3-ap-southeast-1.amazonaws.com/cinemalytics/movie/0EF8818463D07DC28DFBB730E2F9E2B8.jpg", "Rating": "2.75", "ReleaseDate": "12/20/2013", "Description": "", "Title": "Dhoom 3", "ImdbId": "tt1833673", "Region": "BOLLYWOOD", "RatingCount": "11", "Budget": "1750000000", "TrailerLink": "https://www.youtube.com/watch?v=yeF_b8EQcK0", "Revenue": "4700000000", "OriginalTitle": "Dhoom 3", "TrailerEmbedCode": "https://www.youtube.com/embed/yeF_b8EQcK0", "Country": "IN", "Genre": "Action", "CensorRating": "U/A", "Runtime": "172", "Id": "e2e42d2a"},{"PosterPath": "https://s3-ap-southeast-1.amazonaws.com/cinemalytics/movie/549DA500BD845AB37EBB572A7EA61AEC.jpeg", "Rating": "2.1", "ReleaseDate": "5/24/2013", "Description": "", "Title": "Ishkq In Paris", "ImdbId": "tt1986040", "Region": "BOLLYWOOD", "RatingCount": "9", "Budget": "120000000", "TrailerLink": "https://www.youtube.com/watch?v=rqwSWLjChSs", "Revenue": "21300000", "OriginalTitle": "Ishkq in Paris", "TrailerEmbedCode": "https://www.youtube.com/embed/rqwSWLjChSs", "Country": "IN", "Genre": "Romance", "CensorRating": "U/A", "Runtime": "95", "Id": "6e27e20d"},{"PosterPath": "https://s3-ap-southeast-1.amazonaws.com/cinemalytics/movie/FD3EAF973D30B36AAB4ED4C9951B8BF0.jpg", "Rating": "2.95", "ReleaseDate": "8/9/2013", "Description": "", "Title": "Chennai Express", "ImdbId": "tt2112124", "Region": "BOLLYWOOD", "RatingCount": "12", "Budget": "1150000000", "TrailerLink": "https://www.youtube.com/watch?v=rARol7Dk2zo", "Revenue": "3960000000", "OriginalTitle": "Chennai Express", "TrailerEmbedCode": "https://www.youtube.com/embed/rARol7Dk2zo", "Country": "IN", "Genre": "Drama", "CensorRating": "U/A", "Runtime": "141", "Id": "536d0c1c"},{"PosterPath": "https://s3-ap-southeast-1.amazonaws.com/cinemalytics/movie/448448AB0AD256FBF8956F23672B84C0.png", "Rating": "2.75", "ReleaseDate": "12/25/2013", "Description": "", "Title": "Mahabharat", "ImdbId": "tt3415692", "Region": "BOLLYWOOD", "RatingCount": "11", "Budget": "500000000", "TrailerLink": "https://www.youtube.com/watch?v=cSFW55HB-a8", "Revenue": "15000000", "OriginalTitle": "Mahabharat", "TrailerEmbedCode": "https://www.youtube.com/embed/cSFW55HB-a8", "Country": "IN", "Genre": "Animation", "CensorRating": "", "Runtime": "105", "Id": "eb0217fe"},{"PosterPath": "https://s3-ap-southeast-1.amazonaws.com/cinemalytics/movie/E103F381099F9BDADF15136034479416.jpg", "Rating": "3.0", "ReleaseDate": "8/30/2013", "Description": "", "Title": "Satyagraha", "ImdbId": "tt2275802", "Region": "BOLLYWOOD", "RatingCount": "12", "Budget": "500000000", "TrailerLink": "https://www.youtube.com/watch?v=1KXwGcZI13k", "Revenue": "0", "OriginalTitle": "Satyagraha", "TrailerEmbedCode": "https://www.youtube.com/embed/1KXwGcZI13k", "Country": "IN", "Genre": "Action", "CensorRating": "U/A", "Runtime": "152", "Id": "ab46bc3e"},{"PosterPath": "https://s3-ap-southeast-1.amazonaws.com/cinemalytics/movie/C047D7114E5A1D5C5859231B06D2128C.jpg", "Rating": "2.7", "ReleaseDate": "11/1/2013", "Description": "", "Title": "Krrish 3", "ImdbId": "tt1029231", "Region": "BOLLYWOOD", "RatingCount": "11", "Budget": "950000000", "TrailerLink": "https://www.youtube.com/watch?v=MCCVVgtI5x", "Revenue": "2910000000", "OriginalTitle": "Krrish 3", "TrailerEmbedCode": "https://www.youtube.com/embed/MCCVVgtI5xU", "Country": "IN", "Genre": "Action", "CensorRating": "U/A", "Runtime": "152", "Id": "9e128180"},{"PosterPath": "https://s3-ap-southeast-1.amazonaws.com/cinemalytics/movie/4BA430C7A87C9E86EC14ED16E1D5904C.jpg", "Rating": "3.25", "ReleaseDate": "8/28/2014", "Description": "", "Title": "Kaun Kitne Paani Mein", "ImdbId": "tt0243356", "Region": "BOLLYWOOD", "RatingCount": "13", "Budget": "260000000", "TrailerLink": "https://www.youtube.com/watch?v=MR6_F6BsQwc", "Revenue": "320000000", "OriginalTitle": "Kaun Kitne Paani Mein", "TrailerEmbedCode": "https://www.youtube.com/embed/MR6_F6BsQwc", "Country": "IN", "Genre": "Drama", "CensorRating": "U/A", "Runtime": "0", "Id": "ff5e807c"},{"PosterPath": "https://s3-ap-southeast-1.amazonaws.com/cinemalytics/movie/2C803C118BE04DE03AF9C3C4D2D67754.jpg", "Rating": "2.75", "ReleaseDate": "8/28/2014", "Description": "", "Title": "Phantom", "ImdbId": "tt3469244", "Region": "BOLLYWOOD", "RatingCount": "11", "Budget": "500000000", "TrailerLink": "https://www.youtube.com/watch?v=Su0gJWOd00M", "Revenue": "632400000", "OriginalTitle": "Phantom", "TrailerEmbedCode": "https://www.youtube.com/embed/Su0gJWOd00M", "Country": "IN", "Genre": "Drama", "CensorRating": "U/A", "Runtime": "135", "Id": "2272d8a9"},{"PosterPath": "https://s3-ap-southeast-1.amazonaws.com/cinemalytics/movie/829BF7715493CB16E1B9F8042C3DA70C.jpg", "Rating": "2.55", "ReleaseDate": "12/12/2014", "Description": "", "Title": "Badlapur Boys", "ImdbId": "tt2767712", "Region": "BOLLYWOOD", "RatingCount": "11", "Budget": "260000000", "TrailerLink": "https://www.youtube.com/watch?v=n-jXkwMCD3M", "Revenue": "500400000", "OriginalTitle": "Badlapur Boys", "TrailerEmbedCode": "https://www.youtube.com/embed/n-jXkwMCD3M", "Country": "IN", "Genre": "Drama", "CensorRating": "U/A", "Runtime": "123", "Id": "51b5ca20"},{"PosterPath": "https://s3-ap-southeast-1.amazonaws.com/cinemalytics/movie/A801E7E4AC0EDE558608F27B57978B7D.jpg", "Rating": "2.15", "ReleaseDate": "11/28/2014", "Description": "", "Title": "Zid", "ImdbId": "tt4228746", "Region": "BOLLYWOOD", "RatingCount": "9", "Budget": "150000000", "TrailerLink": "https://www.youtube.com/watch?v=CWGY8APbQgc", "Revenue": "140000000", "OriginalTitle": "Zid", "TrailerEmbedCode": "https://www.youtube.com/embed/CWGY8APbQgc", "Country": "IN", "Genre": "Romance", "CensorRating": "A", "Runtime": "126", "Id": "c35e276e"},{"PosterPath": "https://s3-ap-southeast-1.amazonaws.com/cinemalytics/movie/E33C995B4299B9036ED158F956FDC579.jpeg", "Rating": "2.9", "ReleaseDate": "11/28/2014", "Description": "", "Title": "Ungli", "ImdbId": "tt2392447", "Region": "BOLLYWOOD", "RatingCount": "12", "Budget": "150000000", "TrailerLink": "https://www.youtube.com/watch?v=Nl1UPQbIQ4s", "Revenue": "282000000", "OriginalTitle": "Ungli", "TrailerEmbedCode": "https://www.youtube.com/embed/Nl1UPQbIQ4s", "Country": "IN", "Genre": "Thriller", "CensorRating": "U/A", "Runtime": "114", "Id": "171682a7"},{"PosterPath": "https://s3-ap-southeast-1.amazonaws.com/cinemalytics/movie/45D080F2B3FAFFBB39476006A311B0EE.jpg", "Rating": "3.75", "ReleaseDate": "5/9/2014", "Description": "", "Title": "Hawaa Hawaai", "ImdbId": "tt3501994", "Region": "BOLLYWOOD", "RatingCount": "15", "Budget": "150000000", "TrailerLink": "https://www.youtube.com/watch?v=L8WEqUvoJw4", "Revenue": "110000000", "OriginalTitle": "Hawaa Hawaai", "TrailerEmbedCode": "https://www.youtube.com/embed/L8WEqUvoJw4", "Country": "IN", "Genre": "Drama", "CensorRating": "", "Runtime": "120", "Id": "8a4eb4b3"},{"PosterPath": "https://s3-ap-southeast-1.amazonaws.com/cinemalytics/movie/91C8F2A53A11AC1A76806F6C9F8817D6.jpg", "Rating": "2.6", "ReleaseDate": "3/28/2014", "Description": "", "Title": "Youngistaan", "ImdbId": "tt3514330", "Region": "BOLLYWOOD", "RatingCount": "11", "Budget": "691000000", "TrailerLink": "https://www.youtube.com/watch?v=rnHpKyN2IcY", "Revenue": "0", "OriginalTitle": "Youngistaan", "TrailerEmbedCode": "https://www.youtube.com/embed/rnHpKyN2IcY", "Country": "IN", "Genre": "Drama", "CensorRating": "U/A", "Runtime": "133", "Id": "5d1e40ba"},{"PosterPath": "https://s3-ap-southeast-1.amazonaws.com/cinemalytics/movie/877B3AD2B0F44B8A8545DA60EEAEF48F.jpg", "Rating": "3.1", "ReleaseDate": "2/7/2014", "Description": "", "Title": "Ya Rab", "ImdbId": "tt3303416", "Region": "BOLLYWOOD", "RatingCount": "13", "Budget": "250000000", "TrailerLink": "https://www.youtube.com/watch?v=mG8EX4tei78", "Revenue": "0", "OriginalTitle": "Ya Rab", "TrailerEmbedCode": "https://www.youtube.com/embed/mG8EX4tei78", "Country": "IN", "Genre": "Drama", "CensorRating": "U/A", "Runtime": "120", "Id": "23845f6d"},{"PosterPath": "https://s3-ap-southeast-1.amazonaws.com/cinemalytics/movie/16B9DE72A3F95215B86AC8C3383D8433.jpg", "Rating": "3.4", "ReleaseDate": "9/5/2014", "Description": "", "Title": "Mary Kom", "ImdbId": "tt3001638", "Region": "BOLLYWOOD", "RatingCount": "14", "Budget": "150000000", "TrailerLink": "https://www.youtube.com/watch?v=FCcDPY_tX6M", "Revenue": "1040000000", "OriginalTitle": "Mary Kom", "TrailerEmbedCode": "https://www.youtube.com/embed/FCcDPY_tX6M", "Country": "IN", "Genre": "Sport", "CensorRating": "", "Runtime": "122", "Id": "44bf526d"},{"PosterPath": "https://s3-ap-southeast-1.amazonaws.com/cinemalytics/movie/E38C68E3B03E91260D31F1F3C8EC2F6D.jpg", "Rating": "2.75", "ReleaseDate": "7/4/2014", "Description": "", "Title": "Bobby Jasoos", "ImdbId": "tt3359290", "Region": "BOLLYWOOD", "RatingCount": "11", "Budget": "180000000", "TrailerLink": "https://www.youtube.com/watch?v=PHTTNn_XEtE", "Revenue": "108500000", "OriginalTitle": "Bobby Jasoos", "TrailerEmbedCode": "", "Country": "IN", "Genre": "Action", "CensorRating": "U/A", "Runtime": "121", "Id": "4cddd0cc"},{"PosterPath": "https://s3-ap-southeast-1.amazonaws.com/cinemalytics/movie/FE55FA605123B253E3561150CEB021C0.jpg", "Rating": "1.35", "ReleaseDate": "1/10/2014", "Description": "", "Title": "Yaariyan", "ImdbId": "tt3382148", "Region": "BOLLYWOOD", "RatingCount": "6", "Budget": "110000000", "TrailerLink": "https://www.youtube.com/watch?v=w3yJS4MB85Q", "Revenue": "400000000", "OriginalTitle": "Yaariyan", "TrailerEmbedCode": "https://www.youtube.com/embed/w3yJS4MB85Q", "Country": "IN", "Genre": "Romance", "CensorRating": "U/A", "Runtime": "145", "Id": "621876db"},{"PosterPath": "https://s3-ap-southeast-1.amazonaws.com/cinemalytics/movie/C23AB742300DA4F75833626257890256.jpg", "Rating": "2.75", "ReleaseDate": "5/23/2014", "Description": "", "Title": "Heropanti", "ImdbId": "tt3142232", "Region": "BOLLYWOOD", "RatingCount": "11", "Budget": "210000000", "TrailerLink": "https://www.youtube.com/watch?v=6DSQ7xQzvh", "Revenue": "650000000", "OriginalTitle": "Heropanti", "TrailerEmbedCode": "https://www.youtube.com/embed/6DSQ7xQzvhU", "Country": "IN", "Genre": "Action", "CensorRating": "U/A", "Runtime": "146", "Id": "7ecc8685"},{"PosterPath": "https://s3-ap-southeast-1.amazonaws.com/cinemalytics/movie/F2964C422C4DBDABDB2D5F7F299B5894.jpg", "Rating": "4.15714", "ReleaseDate": "11/6/2014", "Description": "", "Title": "Chaar Sahibzaade", "ImdbId": "tt4168188", "Region": "BOLLYWOOD", "RatingCount": "21", "Budget": "200000000", "TrailerLink": "https://www.youtube.com/watch?v=V60VT6WvHE4", "Revenue": "700000000", "OriginalTitle": "Chaar Sahibzaade", "TrailerEmbedCode": "", "Country": "IN", "Genre": "Animation", "CensorRating": "", "Runtime": "128", "Id": "13ff3ef5"},{"PosterPath": "https://s3-ap-southeast-1.amazonaws.com/cinemalytics/movie/8610E7D9749BB7999D9435FA62F0EB24.jpg", "Rating": "2.1", "ReleaseDate": "7/18/2014", "Description": "", "Title": "Hate Story 2", "ImdbId": "tt3619772", "Region": "BOLLYWOOD", "RatingCount": "9", "Budget": "118000000", "TrailerLink": "https://www.youtube.com/watch?v=1JY8rA7fVnU", "Revenue": "256000000", "OriginalTitle": "Hate Story 2", "TrailerEmbedCode": "", "Country": "IN", "Genre": "Thriller", "CensorRating": "A", "Runtime": "130", "Id": "ca068ad3"},{"PosterPath": "https://s3-ap-southeast-1.amazonaws.com/cinemalytics/movie/780D99C09D47D72577D475DFB5F7F6D2.jpg", "Rating": "4.23611", "ReleaseDate": "2/27/2014", "Description": "", "Title": "Queen", "ImdbId": "tt3322420", "Region": "BOLLYWOOD", "RatingCount": "18", "Budget": "125000000", "TrailerLink": "https://www.youtube.com/watch?v=KGC6vl3lzf0", "Revenue": "780000000", "OriginalTitle": "Queen", "TrailerEmbedCode": "https://www.youtube.com/embed/KGC6vl3lzf0", "Country": "IN", "Genre": "Drama", "CensorRating": "U/A", "Runtime": "146", "Id": "956c72f4"},{"PosterPath": "https://s3-ap-southeast-1.amazonaws.com/cinemalytics/movie/3034385AF613C195220161185D7E913C.jpg", "Rating": "3.45", "ReleaseDate": "2/7/2014", "Description": "", "Title": "Hasee Toh Phasee", "ImdbId": "tt3173910", "Region": "BOLLYWOOD", "RatingCount": "14", "Budget": "250000000", "TrailerLink": "https://www.youtube.com/watch?v=Xv5MG0LhaP4", "Revenue": "620000000", "OriginalTitle": "Hasee Toh Phasee", "TrailerEmbedCode": "https://www.youtube.com/embed/Xv5MG0LhaP4", "Country": "IN", "Genre": "Action", "CensorRating": "U/A", "Runtime": "141", "Id": "7f0fcce3"},{"PosterPath": "https://s3-ap-southeast-1.amazonaws.com/cinemalytics/movie/9B0962707B21DB66368C26EEEFA4FC76.jpg", "Rating": "3.25", "ReleaseDate": "9/19/2014", "Description": "", "Title": "Khoobsurat", "ImdbId": "tt3554418", "Region": "BOLLYWOOD", "RatingCount": "13", "Budget": "247500000", "TrailerLink": "https://www.youtube.com/watch?v=1em8DBrqCck", "Revenue": "394700000", "OriginalTitle": "Khoobsurat", "TrailerEmbedCode": "https://www.youtube.com/embed/1em8DBrqCck", "Country": "IN", "Genre": "Action", "CensorRating": "U/A", "Runtime": "130", "Id": "f0c6c51a"},{"PosterPath": "https://s3-ap-southeast-1.amazonaws.com/cinemalytics/movie/85FAF81E2A1D66CA73BDE212C81FC524.jpg", "Rating": "3.2", "ReleaseDate": "6/27/2014", "Description": "", "Title": "Ek Villain", "ImdbId": "tt3175038", "Region": "BOLLYWOOD", "RatingCount": "13", "Budget": "350000000", "TrailerLink": "https://www.youtube.com/watch?v=ruO0VrqOkdE", "Revenue": "1530000000", "OriginalTitle": "Ek Villain", "TrailerEmbedCode": "https://www.youtube.com/embed/ruO0VrqOkdE", "Country": "IN", "Genre": "Action", "CensorRating": "U/A", "Runtime": "129", "Id": "79398059"},{"PosterPath": "https://s3-ap-southeast-1.amazonaws.com/cinemalytics/movie/88C5293E823BE3A275BB840C1CD279B3.jpg", "Rating": "3.75", "ReleaseDate": "8/22/2014", "Description": "", "Title": "Mardaani", "ImdbId": "tt3495000", "Region": "BOLLYWOOD", "RatingCount": "15", "Budget": "140000000", "TrailerLink": "https://www.youtube.com/watch?v=04E-jHtWrDA", "Revenue": "360000000", "OriginalTitle": "Mardaani", "TrailerEmbedCode": "https://www.youtube.com/embed/04E-jHtWrDA", "Country": "IN", "Genre": "Thriller", "CensorRating": "U/A", "Runtime": "113", "Id": "ee12ca74"},{"PosterPath": "https://s3-ap-southeast-1.amazonaws.com/cinemalytics/movie/595B9B7BE9F534D0592B90E2E90065F9.jpg", "Rating": "3.8", "ReleaseDate": "2/21/2014", "Description": "", "Title": "Highway", "ImdbId": "tt2980794", "Region": "BOLLYWOOD", "RatingCount": "16", "Budget": "300000000", "TrailerLink": "https://www.youtube.com/watch?v=o66nNnGZ5Rg", "Revenue": "600000000", "OriginalTitle": "Highway", "TrailerEmbedCode": "https://www.youtube.com/embed/o66nNnGZ5Rg", "Country": "IN", "Genre": "Adventure", "CensorRating": "U/A", "Runtime": "133", "Id": "4acf90af"},{"PosterPath": "https://s3-ap-southeast-1.amazonaws.com/cinemalytics/movie/EC1A45EA7217605C1B906C1760BDAB4F.jpeg", "Rating": "2.75", "ReleaseDate": "10/2/2014", "Description": "", "Title": "Bang Bang", "ImdbId": "tt2905838", "Region": "BOLLYWOOD", "RatingCount": "11", "Budget": "140000000", "TrailerLink": "https://www.youtube.com/watch?v=LRARHtMzZQE", "Revenue": "340000000", "OriginalTitle": "Bang Bang", "TrailerEmbedCode": "https://www.youtube.com/embed/LRARHtMzZQE", "Country": "IN", "Genre": "Action", "CensorRating": "U/A", "Runtime": "153", "Id": "5ee49d3a"},{"PosterPath": "https://s3-ap-southeast-1.amazonaws.com/cinemalytics/movie/9AD46A6DEEDED05DD21F7DC9A585AFBC.jpg", "Rating": "0.0", "ReleaseDate": "11/7/2014", "Description": "", "Title": "Rang Rasiya", "ImdbId": "tt1239276", "Region": "BOLLYWOOD", "RatingCount": "0", "Budget": "120000000", "TrailerLink": "https://www.youtube.com/watch?v=_TC8o690ns0", "Revenue": "48000000", "OriginalTitle": "Rang Rasiya", "TrailerEmbedCode": "https://www.youtube.com/embed/_TC8o690ns0", "Country": "IN", "Genre": "Drama", "CensorRating": "U/A", "Runtime": "132", "Id": "851b63bf"},{"PosterPath": "https://s3-ap-southeast-1.amazonaws.com/cinemalytics/movie/857571A13E0761D1D41BB115AE1589FE.jpg", "Rating": "3.0", "ReleaseDate": "7/11/2014", "Description": "", "Title": "Humpty Sharma Ki Dulhania", "ImdbId": "tt3678938", "Region": "BOLLYWOOD", "RatingCount": "12", "Budget": "200000000", "TrailerLink": "https://www.youtube.com/watch?v=hWMWEhOjmFs", "Revenue": "1020000000", "OriginalTitle": "Humpty Sharma Ki Dulhania", "TrailerEmbedCode": "https://www.youtube.com/embed/hWMWEhOjmFs", "Country": "IN", "Genre": "Romance", "CensorRating": "U/A", "Runtime": "133", "Id": "ef113c34"},{"PosterPath": "https://s3-ap-southeast-1.amazonaws.com/cinemalytics/movie/4C86070470D42EBC1DA6BA569C660909.jpg", "Rating": "2.65", "ReleaseDate": "4/4/2014", "Description": "", "Title": "Main Tera Hero", "ImdbId": "tt2762334", "Region": "BOLLYWOOD", "RatingCount": "11", "Budget": "425000000", "TrailerLink": "https://www.youtube.com/watch?v=aOWB0yGTrNY", "Revenue": "710000000", "OriginalTitle": "Main Tera Hero", "TrailerEmbedCode": "https://www.youtube.com/embed/aOWB0yGTrNY", "Country": "IN", "Genre": "Comedy", "CensorRating": "U/A", "Runtime": "128", "Id": "676ba06e"},{"PosterPath": "https://s3-ap-southeast-1.amazonaws.com/cinemalytics/movie/267C4F49FCE01DDA589677F87E440A88.jpg", "Rating": "2.4", "ReleaseDate": "8/8/2014", "Description": "", "Title": "Entertainment", "ImdbId": "tt2978626", "Region": "BOLLYWOOD", "RatingCount": "10", "Budget": "720000000", "TrailerLink": "https://www.youtube.com/watch?v=N_WD28tkyEk", "Revenue": "1100000000", "OriginalTitle": "Entertainment", "TrailerEmbedCode": "https://www.youtube.com/embed/N_WD28tkyEk", "Country": "IN", "Genre": "Comedy", "CensorRating": "U/A", "Runtime": "140", "Id": "b7a5e0e1"},{"PosterPath": "https://s3-ap-southeast-1.amazonaws.com/cinemalytics/movie/57DC29CB4017EFDB725AB18457589B53.jpg", "Rating": "3.7", "ReleaseDate": "6/6/2014", "Description": "", "Title": "Holiday", "ImdbId": "tt2556308", "Region": "BOLLYWOOD", "RatingCount": "15", "Budget": "500000000", "TrailerLink": "https://www.youtube.com/watch?v=wy0hM-NnQxw", "Revenue": "1760000000", "OriginalTitle": "Holiday", "TrailerEmbedCode": "https://www.youtube.com/embed/wy0hM-NnQxw", "Country": "IN", "Genre": "Action", "CensorRating": "U/A", "Runtime": "170", "Id": "b412b438"},{"PosterPath": "https://s3-ap-southeast-1.amazonaws.com/cinemalytics/movie/BD011670AAE9A6C41D931B3E3ECF8244.jpg", "Rating": "0.0", "ReleaseDate": "9/19/2014", "Description": "", "Title": "Daawat-E-Ishq", "ImdbId": "tt3398052", "Region": "BOLLYWOOD", "RatingCount": "0", "Budget": "200000000", "TrailerLink": "https://www.youtube.com/watch?v=rtsHlYO6TUc", "Revenue": "403000000", "OriginalTitle": "Daawat-e-Ishq", "TrailerEmbedCode": "https://www.youtube.com/embed/rtsHlYO6TUc", "Country": "IN", "Genre": "Action", "CensorRating": "U/A", "Runtime": "118", "Id": "7995dfd7"},{"PosterPath": "https://s3-ap-southeast-1.amazonaws.com/cinemalytics/movie/A412C39D9C81A718D86824772BDE3FDA.jpg", "Rating": "3.05", "ReleaseDate": "8/29/2014", "Description": "", "Title": "Raja Natwarlal", "ImdbId": "tt3483712", "Region": "BOLLYWOOD", "RatingCount": "13", "Budget": "350000000", "TrailerLink": "https://www.youtube.com/watch?v=sf1BsDj8Huk", "Revenue": "295000000", "OriginalTitle": "Raja Natwarlal", "TrailerEmbedCode": "https://www.youtube.com/embed/sf1BsDj8Huk", "Country": "IN", "Genre": "Drama", "CensorRating": "U/A", "Runtime": "141", "Id": "0f976cee"},{"PosterPath": "https://s3-ap-southeast-1.amazonaws.com/cinemalytics/movie/4A48BF93C9E512D9BAD974B3C5FA2879.jpg", "Rating": "3.65", "ReleaseDate": "1/10/2014", "Description": "", "Title": "Dedh Ishqiya", "ImdbId": "tt2675978", "Region": "BOLLYWOOD", "RatingCount": "15", "Budget": "150000000", "TrailerLink": "https://www.youtube.com/watch?v=_J3fkfUDkx8", "Revenue": "270000000", "OriginalTitle": "Dedh Ishqiya", "TrailerEmbedCode": "https://www.youtube.com/embed/_J3fkfUDkx8", "Country": "IN", "Genre": "Thriller", "CensorRating": "U/A", "Runtime": "152", "Id": "8d055e05"},{"PosterPath": "https://s3-ap-southeast-1.amazonaws.com/cinemalytics/movie/49A1A1BE96994B59524E9809352F10D5.jpg", "Rating": "1.65", "ReleaseDate": "12/5/2014", "Description": "", "Title": "Action Jackson", "ImdbId": "tt0403935", "Region": "BOLLYWOOD", "RatingCount": "7", "Budget": "190000000", "TrailerLink": "https://www.youtube.com/watch?v=YubQzbzGHps", "Revenue": "750000000", "OriginalTitle": "Action Jackson", "TrailerEmbedCode": "https://www.youtube.com/embed/YubQzbzGHps", "Country": "IN", "Genre": "Drama", "CensorRating": "U/A", "Runtime": "144", "Id": "9a6e5878"},{"PosterPath": "https://s3-ap-southeast-1.amazonaws.com/cinemalytics/movie/064C9B6A35A8BEAFE16D619F87A94553.jpg", "Rating": "3.35", "ReleaseDate": "8/15/2014", "Description": "", "Title": "Singham Returns", "ImdbId": "tt2309764", "Region": "BOLLYWOOD", "RatingCount": "14", "Budget": "1100000000", "TrailerLink": "https://www.youtube.com/watch?v=3CwQjsdE-1Q", "Revenue": "2155700000", "OriginalTitle": "Singham Returns", "TrailerEmbedCode": "https://www.youtube.com/embed/3CwQjsdE-1Q", "Country": "IN", "Genre": "Action", "CensorRating": "U/A", "Runtime": "142", "Id": "d83edd79"},{"PosterPath": "https://s3-ap-southeast-1.amazonaws.com/cinemalytics/movie/E81264B94414D829EBAE6E9D6E3DA5C1.jpg", "Rating": "2.25", "ReleaseDate": "12/14/2014", "Description": "", "Title": "Kill Dil", "ImdbId": "tt3380264", "Region": "BOLLYWOOD", "RatingCount": "9", "Budget": "350000000", "TrailerLink": "https://www.youtube.com/watch?v=jEhnt70rCTI", "Revenue": "360000000", "OriginalTitle": "Kill Dil", "TrailerEmbedCode": "https://www.youtube.com/embed/jEhnt70rCTI", "Country": "IN", "Genre": "Drama", "CensorRating": "U/A", "Runtime": "127", "Id": "cf5e542e"},{"PosterPath": "https://s3-ap-southeast-1.amazonaws.com/cinemalytics/movie/334E7688FD286C0A215E4147A3A415C5.jpg", "Rating": "2.95", "ReleaseDate": "9/12/2014", "Description": "", "Title": "Finding Fanny", "ImdbId": "tt3142688", "Region": "BOLLYWOOD", "RatingCount": "12", "Budget": "150000000", "TrailerLink": "https://www.youtube.com/watch?v=5O86FUOrlkY", "Revenue": "580000000", "OriginalTitle": "Finding Fanny", "TrailerEmbedCode": "https://www.youtube.com/embed/5O86FUOrlkY", "Country": "IN", "Genre": "Family", "CensorRating": "U/A", "Runtime": "102", "Id": "05998026"},{"PosterPath": "https://s3-ap-southeast-1.amazonaws.com/cinemalytics/movie/DBD3096DC0DAF96795B22342DBAACBF3.jpg", "Rating": "3.55", "ReleaseDate": "4/18/2014", "Description": "", "Title": "2 States", "ImdbId": "tt2372678", "Region": "BOLLYWOOD", "RatingCount": "15", "Budget": "350000000", "TrailerLink": "https://www.youtube.com/watch?v=CGyAaR2aWcA", "Revenue": "1500000000", "OriginalTitle": "2 States", "TrailerEmbedCode": "https://www.youtube.com/embed/CGyAaR2aWcA", "Country": "IN", "Genre": "Drama", "CensorRating": "U/A", "Runtime": "149", "Id": "a32a3eef"},{"PosterPath": "https://s3-ap-southeast-1.amazonaws.com/cinemalytics/movie/F47F92C1D22DCC69CAC3226F23ED6809.jpg", "Rating": "2.7", "ReleaseDate": "11/21/2014", "Description": "", "Title": "Happy Ending", "ImdbId": "tt3017412", "Region": "BOLLYWOOD", "RatingCount": "11", "Budget": "550000000", "TrailerLink": "https://www.youtube.com/watch?v=XxU1B54LRGs", "Revenue": "214900000", "OriginalTitle": "Happy Ending", "TrailerEmbedCode": "https://www.youtube.com/embed/XxU1B54LRGs", "Country": "IN", "Genre": "Comedy", "CensorRating": "U/A", "Runtime": "135", "Id": "ee06b64b"},{"PosterPath": "https://s3-ap-southeast-1.amazonaws.com/cinemalytics/movie/FAE4910C8B7C167D84F7678F1D9E25D2.jpg", "Rating": "0.95", "ReleaseDate": "6/20/2014", "Description": "", "Title": "Humshakals", "ImdbId": "tt3036740", "Region": "BOLLYWOOD", "RatingCount": "4", "Budget": "750000000", "TrailerLink": "https://www.youtube.com/watch?v=Kes8GVxKTXU", "Revenue": "637000000", "OriginalTitle": "Humshakals", "TrailerEmbedCode": "", "Country": "IN", "Genre": "Comedy", "CensorRating": "U/A", "Runtime": "159", "Id": "30d88954"},{"PosterPath": "https://s3-ap-southeast-1.amazonaws.com/cinemalytics/movie/E8730C5060A678E3B321188C7F8F571D.jpg", "Rating": "4.15", "ReleaseDate": "10/2/2014", "Description": "", "Title": "Haider", "ImdbId": "tt3390572", "Region": "BOLLYWOOD", "RatingCount": "17", "Budget": "240000000", "TrailerLink": "https://www.youtube.com/watch?v=xakmvJ0WPa4", "Revenue": "690000000", "OriginalTitle": "Haider", "TrailerEmbedCode": "https://www.youtube.com/embed/xakmvJ0WPa4", "Country": "IN", "Genre": "Drama", "CensorRating": "U/A", "Runtime": "160", "Id": "ef67726c"},{"PosterPath": "https://s3-ap-southeast-1.amazonaws.com/cinemalytics/movie/D379ECBD78EBFF6778521A6AF813F99E.jpg", "Rating": "1.65", "ReleaseDate": "5/16/2014", "Description": "", "Title": "The Xpose", "ImdbId": "tt3645014", "Region": "BOLLYWOOD", "RatingCount": "7", "Budget": "160000000", "TrailerLink": "https://www.youtube.com/watch?v=IbJ1IpwoXZQ", "Revenue": "220000000", "OriginalTitle": "The Xpose", "TrailerEmbedCode": "https://www.youtube.com/embed/IbJ1IpwoXZQ", "Country": "IN", "Genre": "Thriller", "CensorRating": "U/A", "Runtime": "113", "Id": "15ba02bf"},{"PosterPath": "https://s3-ap-southeast-1.amazonaws.com/cinemalytics/movie/03E9138AFCEF482A39BF1B47BF1E8FA6.jpg", "Rating": "1.83333", "ReleaseDate": "2/14/2014", "Description": "", "Title": "Gunday", "ImdbId": "tt2574698", "Region": "BOLLYWOOD", "RatingCount": "6", "Budget": "500000000", "TrailerLink": "https://www.youtube.com/watch?v=HMMEODhZUfA", "Revenue": "1200000000", "OriginalTitle": "Gunday", "TrailerEmbedCode": "https://www.youtube.com/embed/HMMEODhZUfA", "Country": "IN", "Genre": "Action", "CensorRating": "U/A", "Runtime": "152", "Id": "390e6957"},{"PosterPath": "https://s3-ap-southeast-1.amazonaws.com/cinemalytics/movie/B443AD7B10C2B8CA0D083EF2C7FBDE2D.jpg", "Rating": "4.15", "ReleaseDate": "12/19/2014", "Description": "", "Title": "PK", "ImdbId": "tt2338151", "Region": "BOLLYWOOD", "RatingCount": "17", "Budget": "850000000", "TrailerLink": "https://www.youtube.com/watch?v=82ZEDGPCkT8", "Revenue": "7350000000", "OriginalTitle": "PK", "TrailerEmbedCode": "https://www.youtube.com/embed/82ZEDGPCkT8", "Country": "IN", "Genre": "Comedy", "CensorRating": "U/A", "Runtime": "153", "Id": "8a734920"},{"PosterPath": "https://s3-ap-southeast-1.amazonaws.com/cinemalytics/movie/BD8210394B7C5B62C7242ADAF3ADF633.jpg", "Rating": "2.75", "ReleaseDate": "7/25/2014", "Description": "", "Title": "Kick", "ImdbId": "tt2372222", "Region": "BOLLYWOOD", "RatingCount": "11", "Budget": "1400000000", "TrailerLink": "https://www.youtube.com/watch?v=u-j1nx_HY5o", "Revenue": "3770000000", "OriginalTitle": "Kick", "TrailerEmbedCode": "https://www.youtube.com/embed/u-j1nx_HY5o", "Country": "IN", "Genre": "Action", "CensorRating": "U/A", "Runtime": "146", "Id": "4b948012"},{"PosterPath": "https://s3-ap-southeast-1.amazonaws.com/cinemalytics/movie/C04EB6A8B24B9DC608BC22CC62B66D0E.jpg", "Rating": "2.75", "ReleaseDate": "1/24/2014", "Description": "", "Title": "Jai Ho", "ImdbId": "tt1188982", "Region": "BOLLYWOOD", "RatingCount": "11", "Budget": "650000000", "TrailerLink": "https://www.youtube.com/watch?v=-wW3RP4cmN", "Revenue": "1830000000", "OriginalTitle": "Jai Ho", "TrailerEmbedCode": "https://www.youtube.com/embed/-wW3RP4cmNU", "Country": "IN", "Genre": "Drama", "CensorRating": "U/A", "Runtime": "135", "Id": "52be5689"},{"PosterPath": "https://s3-ap-southeast-1.amazonaws.com/cinemalytics/movie/C816E8202F644E3E3722612307DD93C8.jpg", "Rating": "2.75", "ReleaseDate": "10/23/2014", "Description": "", "Title": "Happy New Year", "ImdbId": "tt2461132", "Region": "BOLLYWOOD", "RatingCount": "11", "Budget": "1500000000", "TrailerLink": "https://www.youtube.com/watch?v=JGHwANkQFrg", "Revenue": "3830000000", "OriginalTitle": "Happy New Year", "TrailerEmbedCode": "https://www.youtube.com/embed/JGHwANkQFrg", "Country": "IN", "Genre": "Action", "CensorRating": "U/A", "Runtime": "180", "Id": "0de1888f"},{"PosterPath": "https://s3-ap-southeast-1.amazonaws.com/cinemalytics/movie/8234D0FB5FBACA08F2252DC2793362D7.jpg", "Rating": "3.5", "ReleaseDate": "4/11/2014", "Description": "", "Title": "Bhoothnath Returns", "ImdbId": "tt3531852", "Region": "BOLLYWOOD", "RatingCount": "14", "Budget": "200000000", "TrailerLink": "https://www.youtube.com/watch?v=BpC-Owk5MNY", "Revenue": "684000000", "OriginalTitle": "Bhoothnath Returns", "TrailerEmbedCode": "https://www.youtube.com/embed/BpC-Owk5MNY", "Country": "IN", "Genre": "Fantasy", "CensorRating": "", "Runtime": "155", "Id": "f90d80bb"},{"PosterPath": "https://s3-ap-southeast-1.amazonaws.com/cinemalytics/movie/AADF548A35769A1B5EB24AC21CF30844.jpg", "Rating": "3.6", "ReleaseDate": "3/13/2015", "Description": "", "Title": "NH10", "ImdbId": "tt3742284", "Region": "BOLLYWOOD", "RatingCount": "15", "Budget": "130000000", "TrailerLink": "https://www.youtube.com/watch?v=A9icNqWlylw", "Revenue": "330000000", "OriginalTitle": "NH10", "TrailerEmbedCode": "https://www.youtube.com/embed/A9icNqWlylw", "Country": "IN", "Genre": "Drama", "CensorRating": "A", "Runtime": "115", "Id": "f8401236"},{"PosterPath": "https://s3-ap-southeast-1.amazonaws.com/cinemalytics/movie/3BC2BB0EFE3F0E501166EBD15B3CB219.jpg", "Rating": "2.9", "ReleaseDate": "2/13/2015", "Description": "", "Title": "MSG The Messenger", "ImdbId": "tt4107858", "Region": "BOLLYWOOD", "RatingCount": "12", "Budget": "550000000", "TrailerLink": "https://www.youtube.com/watch?v=scuWiXG5bh8", "Revenue": "1200000000", "OriginalTitle": "MSG: The Messenger", "TrailerEmbedCode": "https://www.youtube.com/embed/scuWiXG5bh8", "Country": "IN", "Genre": "Drama", "CensorRating": "U/A", "Runtime": "197", "Id": "bdee6679"},{"PosterPath": "https://s3-ap-southeast-1.amazonaws.com/cinemalytics/movie/A174964738C58BF7E13D16C9E342FA58.jpg", "Rating": "2.17778", "ReleaseDate": "8/21/2015", "Description": "", "Title": "All Is Well", "ImdbId": "tt3547616", "Region": "BOLLYWOOD", "RatingCount": "9", "Budget": "280000000", "TrailerLink": "https://www.youtube.com/watch?v=wlyc0NxmRYs", "Revenue": "371000000", "OriginalTitle": "All Is Well", "TrailerEmbedCode": "https://www.youtube.com/embed/wlyc0NxmRYs", "Country": "IN", "Genre": "Drama", "CensorRating": "U/A", "Runtime": "126", "Id": "91fc1a3c"},{"PosterPath": "https://s3-ap-southeast-1.amazonaws.com/cinemalytics/movie/5725087DDF5C0D277F2BAAB3B57B0D76.jpg", "Rating": "3.25", "ReleaseDate": "6/12/2015", "Description": "", "Title": "Hamari Adhuri Kahaani", "ImdbId": "tt3483612", "Region": "BOLLYWOOD", "RatingCount": "13", "Budget": "350000000", "TrailerLink": "https://www.youtube.com/watch?v=2fiT_TJlySk", "Revenue": "412300000", "OriginalTitle": "Hamari Adhuri Kahaani", "TrailerEmbedCode": "https://www.youtube.com/embed/2fiT_TJlySk", "Country": "IN", "Genre": "Drama", "CensorRating": "U/A", "Runtime": "129", "Id": "139c686e"},{"PosterPath": "https://s3-ap-southeast-1.amazonaws.com/cinemalytics/movie/74938CCEE86580AD0620CCAA29038A28.jpg", "Rating": "1.85", "ReleaseDate": "4/10/2015", "Description": "", "Title": "Ek Paheli Leela", "ImdbId": "tt4500734", "Region": "BOLLYWOOD", "RatingCount": "8", "Budget": "150000000", "TrailerLink": "https://www.youtube.com/watch?v=azRVCV2k3Uc", "Revenue": "2657000000", "OriginalTitle": "Ek Paheli Leela", "TrailerEmbedCode": "https://www.youtube.com/embed/azRVCV2k3Uc", "Country": "IN", "Genre": "Romance", "CensorRating": "U/A", "Runtime": "145", "Id": "cdc40269"},{"PosterPath": "https://s3-ap-southeast-1.amazonaws.com/cinemalytics/movie/FC94C24DF1258B3A5E65D857616AD19A.jpg", "Rating": "1.85", "ReleaseDate": "1/16/2015", "Description": "", "Title": "Alone", "ImdbId": "tt4271730", "Region": "BOLLYWOOD", "RatingCount": "8", "Budget": "180000000", "TrailerLink": "https://www.youtube.com/watch?v=e0pdoezNhmc", "Revenue": "250000000", "OriginalTitle": "Alone", "TrailerEmbedCode": "https://www.youtube.com/embed/e0pdoezNhmc", "Country": "IN", "Genre": "Horror", "CensorRating": "U/A", "Runtime": "133", "Id": "3aeead26"},{"PosterPath": "https://s3-ap-southeast-1.amazonaws.com/cinemalytics/movie/469D281C2CD7B163432C41F925BC8ADC.jpg", "Rating": "2.15", "ReleaseDate": "9/4/2015", "Description": "", "Title": "Welcome Back", "ImdbId": "tt3159708", "Region": "BOLLYWOOD", "RatingCount": "9", "Budget": "880000000", "TrailerLink": "https://www.youtube.com/watch?v=SIKfSPbsuyw", "Revenue": "1332600000", "OriginalTitle": "Welcome Back", "TrailerEmbedCode": "https://www.youtube.com/embed/SIKfSPbsuyw", "Country": "IN", "Genre": "Comedy", "CensorRating": "U/A", "Runtime": "152", "Id": "7dbf9623"},{"PosterPath": "https://s3-ap-southeast-1.amazonaws.com/cinemalytics/movie/8591DBDA8CD657EB488F726CCF2C3589.jpg", "Rating": "3.06154", "ReleaseDate": "12/18/2015", "Description": "", "Title": "Dilwale", "ImdbId": "tt4535650", "Region": "BOLLYWOOD", "RatingCount": "13", "Budget": "1000000000", "TrailerLink": "https://www.youtube.com/watch?v=AHuOo1DLcRc", "Revenue": "3810000000", "OriginalTitle": "Dilwale", "TrailerEmbedCode": "https://www.youtube.com/embed/AHuOo1DLcRc", "Country": "IN", "Genre": "Action", "CensorRating": "U/A", "Runtime": "158", "Id": "31fc0399"},{"PosterPath": "https://s3-ap-southeast-1.amazonaws.com/cinemalytics/movie/1C17368BF1BE4581873BD78232B279FA.jpg", "Rating": "3.87499", "ReleaseDate": "12/18/2015", "Description": "", "Title": "Bajirao Mastani", "ImdbId": "tt3735246", "Region": "BOLLYWOOD", "RatingCount": "24", "Budget": "1250000000", "TrailerLink": "https://www.youtube.com/watch?v=eHOc-4D7MjY", "Revenue": "2698700000", "OriginalTitle": "Bajirao Mastani", "TrailerEmbedCode": "https://www.youtube.com/embed/eHOc-4D7MjY", "Country": "IN", "Genre": "Drama", "CensorRating": "U/A", "Runtime": "156", "Id": "b2117ac7"},{"PosterPath": "https://s3-ap-southeast-1.amazonaws.com/cinemalytics/movie/F7EDA93499B3AAC1E404FD6707F34407.jpg", "Rating": "2.25", "ReleaseDate": "12/4/2015", "Description": "", "Title": "Hate Story 3", "ImdbId": "tt4865436", "Region": "BOLLYWOOD", "RatingCount": "9", "Budget": "132000000", "TrailerLink": "https://www.youtube.com/watch?v=o1Y7XhiWUvo", "Revenue": "550000000", "OriginalTitle": "Hate Story 3", "TrailerEmbedCode": "https://www.youtube.com/embed/o1Y7XhiWUvo", "Country": "IN", "Genre": "Thriller", "CensorRating": "A", "Runtime": "132", "Id": "dcfd0cee"},{"PosterPath": "https://s3-ap-southeast-1.amazonaws.com/cinemalytics/movie/4FF8C4CDB4DBF9383B25AAD0EE3729BE.jpg", "Rating": "3.7", "ReleaseDate": "11/27/2015", "Description": "", "Title": "Tamasha", "ImdbId": "tt3148502", "Region": "BOLLYWOOD", "RatingCount": "15", "Budget": "650000000", "TrailerLink": "https://www.youtube.com/watch?v=VN_qxutU_qc", "Revenue": "1061800000", "OriginalTitle": "Tamasha", "TrailerEmbedCode": "https://www.youtube.com/embed/VN_qxutU_qc", "Country": "IN", "Genre": "Drama", "CensorRating": "U/A", "Runtime": "139", "Id": "aaf5971f"},{"PosterPath": "https://s3-ap-southeast-1.amazonaws.com/cinemalytics/movie/1CF468F8AA8C4D6964601DC066C52874.jpg", "Rating": "1.35", "ReleaseDate": "3/6/2015", "Description": "", "Title": "Dirty Politics", "ImdbId": "tt4501576", "Region": "BOLLYWOOD", "RatingCount": "6", "Budget": "750000000", "TrailerLink": "https://www.youtube.com/watch?v=V5v72YRsKqc", "Revenue": "1380000000", "OriginalTitle": "Dirty Politics", "TrailerEmbedCode": "https://www.youtube.com/embed/V5v72YRsKqc", "Country": "IN", "Genre": "Drama", "CensorRating": "A", "Runtime": "130", "Id": "00012b5b"},{"PosterPath": "https://s3-ap-southeast-1.amazonaws.com/cinemalytics/movie/447AC0B070D9B04CCF35CCA2581706A7.jpg", "Rating": "1.65", "ReleaseDate": "1/2/2015", "Description": "", "Title": "Mumbai Can Dance Saalaa", "ImdbId": "tt4355892", "Region": "BOLLYWOOD", "RatingCount": "7", "Budget": "320000000", "TrailerLink": "https://www.youtube.com/watch?v=q0G36gZyl74", "Revenue": "180000000", "OriginalTitle": "Mumbai Can Dance Saalaa", "TrailerEmbedCode": "https://www.youtube.com/embed/q0G36gZyl74", "Country": "IN", "Genre": "Action", "CensorRating": "U/A", "Runtime": "135", "Id": "2004e746"},{"PosterPath": "https://s3-ap-southeast-1.amazonaws.com/cinemalytics/movie/3259BBC7E530F0FCFB9D335AE8EA9B99.jpg", "Rating": "2.63636", "ReleaseDate": "11/12/2015", "Description": "", "Title": "Prem Ratan Dhan Payo", "ImdbId": "tt3595298", "Region": "BOLLYWOOD", "RatingCount": "11", "Budget": "1100000000", "TrailerLink": "https://www.youtube.com/watch?v=sPV5_m9GGqo", "Revenue": "4310000000", "OriginalTitle": "Prem Ratan Dhan Payo", "TrailerEmbedCode": "https://www.youtube.com/embed/sPV5_m9GGqo", "Country": "IN", "Genre": "Drama", "CensorRating": "U/A", "Runtime": "164", "Id": "79fb0b7a"},{"PosterPath": "https://s3-ap-southeast-1.amazonaws.com/cinemalytics/movie/263C11EFD7FE2DFB5208A38F20D41C3A.jpg", "Rating": "3.35", "ReleaseDate": "10/30/2015", "Description": "", "Title": "Main Aur Charles", "ImdbId": "tt4024944", "Region": "BOLLYWOOD", "RatingCount": "14", "Budget": "600000000", "TrailerLink": "https://www.youtube.com/watch?v=wOF9MlEOfuE", "Revenue": "0", "OriginalTitle": "Main Aur Charles", "TrailerEmbedCode": "https://www.youtube.com/embed/wOF9MlEOfuE", "Country": "IN", "Genre": "Thriller", "CensorRating": "U/A", "Runtime": "123", "Id": "be336499"},{"PosterPath": "https://s3-ap-southeast-1.amazonaws.com/cinemalytics/movie/A5AAE1AD16B667DE34A2DDDED1802F96.jpg", "Rating": "3.05", "ReleaseDate": "4/10/2015", "Description": "", "Title": "Dharam Sankat Mein", "ImdbId": "tt4354740", "Region": "BOLLYWOOD", "RatingCount": "13", "Budget": "190000000", "TrailerLink": "https://www.youtube.com/watch?v=qNripK67rH0", "Revenue": "100000000", "OriginalTitle": "Dharam Sankat Mein", "TrailerEmbedCode": "https://www.youtube.com/embed/qNripK67rH0", "Country": "IN", "Genre": "Drama", "CensorRating": "U/A", "Runtime": "129", "Id": "c8fc50d3"},{"PosterPath": "https://s3-ap-southeast-1.amazonaws.com/cinemalytics/movie/66EEBB66036CA3303D6D832BDE0DA61A.jpg", "Rating": "2.65", "ReleaseDate": "10/22/2015", "Description": "", "Title": "Shaandaar", "ImdbId": "tt4007558", "Region": "BOLLYWOOD", "RatingCount": "11", "Budget": "1300000000", "TrailerLink": "https://www.youtube.com/watch?v=k99-vMPh3-A", "Revenue": "510000000", "OriginalTitle": "Shaandaar", "TrailerEmbedCode": "https://www.youtube.com/embed/k99-vMPh3-A", "Country": "IN", "Genre": "Romance", "CensorRating": "U/A", "Runtime": "144", "Id": "b1cdd42f"},{"PosterPath": "https://s3-ap-southeast-1.amazonaws.com/cinemalytics/movie/888FA7431FF685EC9660A74E3440682D.jpg", "Rating": "2.93077", "ReleaseDate": "10/9/2015", "Description": "", "Title": "Jazbaa", "ImdbId": "tt4323504", "Region": "BOLLYWOOD", "RatingCount": "13", "Budget": "300000000", "TrailerLink": "https://www.youtube.com/watch?v=nx7z1enCLWs", "Revenue": "331900000", "OriginalTitle": "Jazbaa", "TrailerEmbedCode": "https://www.youtube.com/embed/nx7z1enCLWs", "Country": "IN", "Genre": "Drama", "CensorRating": "U/A", "Runtime": "119", "Id": "b541b8fa"},{"PosterPath": "https://s3-ap-southeast-1.amazonaws.com/cinemalytics/movie/CF2845EE1D8A6C1000B6D34D7F375351.jpg", "Rating": "2.75", "ReleaseDate": "10/2/2015", "Description": "", "Title": "Singh Is Bling", "ImdbId": "tt3696192", "Region": "BOLLYWOOD", "RatingCount": "11", "Budget": "910000000", "TrailerLink": "https://www.youtube.com/watch?v=nuVAGjO-s2I", "Revenue": "1162700000", "OriginalTitle": "Singh Is Bling", "TrailerEmbedCode": "https://www.youtube.com/embed/nuVAGjO-s2I", "Country": "IN", "Genre": "Action", "CensorRating": "U/A", "Runtime": "140", "Id": "d896b56f"},{"PosterPath": "https://s3-ap-southeast-1.amazonaws.com/cinemalytics/movie/55ACD7F9051CE0B477C129C15B051DD2.jpg", "Rating": "2.325", "ReleaseDate": "9/25/2015", "Description": "", "Title": "Calendar Girls", "ImdbId": "tt4897908", "Region": "BOLLYWOOD", "RatingCount": "10", "Budget": "900000000", "TrailerLink": "https://www.youtube.com/watch?v=hKFktOIlkRo", "Revenue": "300000000", "OriginalTitle": "Calendar Girls", "TrailerEmbedCode": "https://www.youtube.com/embed/hKFktOIlkRo", "Country": "IN", "Genre": "Drama", "CensorRating": "A", "Runtime": "131", "Id": "25500b33"},{"PosterPath": "https://s3-ap-southeast-1.amazonaws.com/cinemalytics/movie/A2FC496C632DA758C678E447A079051D.jpg", "Rating": "3.55", "ReleaseDate": "9/25/2015", "Description": "", "Title": "Kis Kisko Pyaar Kar", "ImdbId": "tt4302956", "Region": "BOLLYWOOD", "RatingCount": "15", "Budget": "150000000", "TrailerLink": "https://www.youtube.com/watch?v=Xhmej50EGM8", "Revenue": "190000000", "OriginalTitle": "Kis Kisko Pyaar Kar", "TrailerEmbedCode": "https://www.youtube.com/embed/Xhmej50EGM8", "Country": "IN", "Genre": "Comedy", "CensorRating": "U/A", "Runtime": "137", "Id": "198995ae"},{"PosterPath": "https://s3-ap-southeast-1.amazonaws.com/cinemalytics/movie/C54E9C51FC6FE20190EC7CA4EF90CD53.jpg", "Rating": "4.05", "ReleaseDate": "9/25/2015", "Description": "", "Title": "Bhaag Johnny", "ImdbId": "tt3619710", "Region": "BOLLYWOOD", "RatingCount": "17", "Budget": "200000000", "TrailerLink": "https://www.youtube.com/watch?v=ZybkdyM-Y5g", "Revenue": "400000000", "OriginalTitle": "Bhaag Johnny", "TrailerEmbedCode": "https://www.youtube.com/embed/ZybkdyM-Y5g", "Country": "IN", "Genre": "Thriller", "CensorRating": "U/A", "Runtime": "118", "Id": "26f6e8f4"},{"PosterPath": "https://s3-ap-southeast-1.amazonaws.com/cinemalytics/movie/F66ED301F1869801D5881010E68B9004.jpg", "Rating": "4.52632", "ReleaseDate": "7/10/2015", "Description": "", "Title": "Baahubali The Beginning", "ImdbId": "tt2631186", "Region": "BOLLYWOOD", "RatingCount": "19", "Budget": "2500000000", "TrailerLink": "https://www.youtube.com/watch?v=VdafjyFK3ko", "Revenue": "6000000000", "OriginalTitle": "Baahubali: The Beginning", "TrailerEmbedCode": "https://www.youtube.com/embed/VdafjyFK3ko", "Country": "IN", "Genre": "Drama", "CensorRating": "A", "Runtime": "159", "Id": "92ebv8cg"},{"PosterPath": "https://s3-ap-southeast-1.amazonaws.com/cinemalytics/movie/0CB69361B44E5F4F37D67060DBFA3972.jpg", "Rating": "2.0", "ReleaseDate": "4/3/2015", "Description": "", "Title": "Furious 7", "ImdbId": "tt2820852", "Region": "BOLLYWOOD", "RatingCount": "1", "Budget": "190000000", "TrailerLink": "", "Revenue": "1506249360", "OriginalTitle": "Furious 7", "TrailerEmbedCode": "", "Country": "IN", "Genre": "Action", "CensorRating": "U/A", "Runtime": "137", "Id": "0fbd2ca4"},{"PosterPath": "https://s3-ap-southeast-1.amazonaws.com/cinemalytics/movie/C9B32FF79AF67214F21402787E1919A5.jpg", "Rating": "2.55", "ReleaseDate": "7/3/2015", "Description": "", "Title": "Second Hand Husband", "ImdbId": "tt3948240", "Region": "BOLLYWOOD", "RatingCount": "11", "Budget": "150000000", "TrailerLink": "https://www.youtube.com/watch?v=vqAJ_romrFk", "Revenue": "50000000", "OriginalTitle": "Second Hand Husband", "TrailerEmbedCode": "https://www.youtube.com/embed/vqAJ_romrFk", "Country": "IN", "Genre": "Comedy", "CensorRating": "U/A", "Runtime": "105", "Id": "243b5856"},{"PosterPath": "https://s3-ap-southeast-1.amazonaws.com/cinemalytics/movie/22D409D4A69314B6FD48CC6F80164DA2.jpg", "Rating": "3.55", "ReleaseDate": "3/13/2015", "Description": "", "Title": "NH 10", "ImdbId": "tt3742284", "Region": "BOLLYWOOD", "RatingCount": "15", "Budget": "130000000", "TrailerLink": "https://www.youtube.com/watch?v=A9icNqWlylw", "Revenue": "330000000", "OriginalTitle": "N.H 10", "TrailerEmbedCode": "https://www.youtube.com/embed/A9icNqWlylw", "Country": "IN", "Genre": "Action", "CensorRating": "U/A", "Runtime": "115", "Id": "74e8942a"},{"PosterPath": "https://s3-ap-southeast-1.amazonaws.com/cinemalytics/movie/BC9E26B48534582902F45592D88FEA3E.jpg", "Rating": "2.3", "ReleaseDate": "1/23/2015", "Description": "", "Title": "Dolly Ki Doli", "ImdbId": "tt4332114", "Region": "BOLLYWOOD", "RatingCount": "10", "Budget": "250000000", "TrailerLink": "https://www.youtube.com/watch?v=uzdu62XspwY", "Revenue": "192100000", "OriginalTitle": "Dolly Ki Doli", "TrailerEmbedCode": "https://www.youtube.com/embed/uzdu62XspwY", "Country": "IN", "Genre": "Action", "CensorRating": "U/A", "Runtime": "98", "Id": "663621ed"},{"PosterPath": "https://s3-ap-southeast-1.amazonaws.com/cinemalytics/movie/75B6CD9AFDE6DEA2CF1FE0A67CEA8BEA.jpg", "Rating": "1.85", "ReleaseDate": "8/7/2015", "Description": "", "Title": "Bangistan", "ImdbId": "tt3422462", "Region": "BOLLYWOOD", "RatingCount": "8", "Budget": "260000000", "TrailerLink": "https://www.youtube.com/watch?v=uPtyOoYL12Y", "Revenue": "54600000", "OriginalTitle": "Bangistan", "TrailerEmbedCode": "https://www.youtube.com/embed/uPtyOoYL12Y", "Country": "IN", "Genre": "Action", "CensorRating": "U/A", "Runtime": "135", "Id": "995ac5cb"},{"PosterPath": "https://s3-ap-southeast-1.amazonaws.com/cinemalytics/movie/83F4F2517249AB7A18991CD2E4DBD254.jpg", "Rating": "1.45", "ReleaseDate": "5/8/2015", "Description": "", "Title": "Kuch Kuch Locha Hai", "ImdbId": "tt4272420", "Region": "BOLLYWOOD", "RatingCount": "6", "Budget": "150000000", "TrailerLink": "https://www.youtube.com/watch?v=KNMoY9SoKpM", "Revenue": "0", "OriginalTitle": "Kuch Kuch Locha Hai", "TrailerEmbedCode": "https://www.youtube.com/embed/KNMoY9SoKpM", "Country": "IN", "Genre": "Action", "CensorRating": "U/A", "Runtime": "143", "Id": "5cf5b750"},{"PosterPath": "https://s3-ap-southeast-1.amazonaws.com/cinemalytics/movie/0FB5755C82EC5E114AE563F432A764D1.jpg", "Rating": "4.0", "ReleaseDate": "5/22/2015", "Description": "", "Title": "Tanu Weds Manu Returns", "ImdbId": "tt2140465", "Region": "BOLLYWOOD", "RatingCount": "16", "Budget": "390000000", "TrailerLink": "https://www.youtube.com/watch?v=wGGmyaurjAI", "Revenue": "2430000000", "OriginalTitle": "Tanu Weds Manu Returns", "TrailerEmbedCode": "https://www.youtube.com/embed/wGGmyaurjAI", "Country": "IN", "Genre": "Action", "CensorRating": "U/A", "Runtime": "128", "Id": "6e43e9e4"},{"PosterPath": "https://s3-ap-southeast-1.amazonaws.com/cinemalytics/movie/7807ED14A928976EBD8DFA30B649A190.jpg", "Rating": "3.9", "ReleaseDate": "4/3/2015", "Description": "", "Title": "Detective Byomkesh Bakshy", "ImdbId": "tt3447364", "Region": "BOLLYWOOD", "RatingCount": "16", "Budget": "350000000", "TrailerLink": "https://www.youtube.com/watch?v=ZG--GOpi_0g", "Revenue": "360000000", "OriginalTitle": "Detective Byomkesh Bakshy", "TrailerEmbedCode": "https://www.youtube.com/embed/ZG--GOpi_0g", "Country": "IN", "Genre": "Action", "CensorRating": "U/A", "Runtime": "147", "Id": "48cfbe1e"},{"PosterPath": "https://s3-ap-southeast-1.amazonaws.com/cinemalytics/movie/4B3C505556F26342004C397046229450.JPG", "Rating": "2.73846", "ReleaseDate": "1/30/2015", "Description": "", "Title": "Hawaizaada", "ImdbId": "tt4338154", "Region": "BOLLYWOOD", "RatingCount": "13", "Budget": "250000000", "TrailerLink": "https://www.youtube.com/watch?v=pjtN0IV_lJc", "Revenue": "0", "OriginalTitle": "Hawaizaada", "TrailerEmbedCode": "https://www.youtube.com/embed/pjtN0IV_lJc", "Country": "IN", "Genre": "Action", "CensorRating": "U/A", "Runtime": "148", "Id": "b0a6a6c2"},{"PosterPath": "https://s3-ap-southeast-1.amazonaws.com/cinemalytics/movie/F26AA68EF4F92531DE1E039B6AEECC78.jpeg", "Rating": "2.9", "ReleaseDate": "2/27/2015", "Description": "", "Title": "Ab Tak Chhappan 2", "ImdbId": "tt2202086", "Region": "BOLLYWOOD", "RatingCount": "12", "Budget": "165000000", "TrailerLink": "https://www.youtube.com/watch?v=bhiHnL8Gx8o", "Revenue": "66400000", "OriginalTitle": "Ab Tak Chhappan 2", "TrailerEmbedCode": "https://www.youtube.com/embed/bhiHnL8Gx8o", "Country": "IN", "Genre": "Action", "CensorRating": "U/A", "Runtime": "105", "Id": "4f974fea"},{"PosterPath": "https://s3-ap-southeast-1.amazonaws.com/cinemalytics/movie/8C111D8F32DF616E0BD4232FAA5328A3.jpg", "Rating": "2.8", "ReleaseDate": "6/19/2015", "Description": "", "Title": "Any Body Can Dance 2", "ImdbId": "tt3679000", "Region": "BOLLYWOOD", "RatingCount": "12", "Budget": "650000000", "TrailerLink": "https://www.youtube.com/watch?v=IKUtAC-dwFM", "Revenue": "1570000000", "OriginalTitle": "Any Body Can Dance 2", "TrailerEmbedCode": "https://www.youtube.com/embed/IKUtAC-dwFM", "Country": "IN", "Genre": "Drama", "CensorRating": "U/A", "Runtime": "154", "Id": "c291ce58"},{"PosterPath": "https://s3-ap-southeast-1.amazonaws.com/cinemalytics/movie/5AD45575DD4FC5AFE59800492F1BB222.jpg", "Rating": "3.60938", "ReleaseDate": "5/1/2015", "Description": "", "Title": "Gabbar Is Back", "ImdbId": "tt2424988", "Region": "BOLLYWOOD", "RatingCount": "16", "Budget": "720000000", "TrailerLink": "https://www.youtube.com/watch?v=T95zFC4Z2pY", "Revenue": "1054800000", "OriginalTitle": "Gabbar Is Back", "TrailerEmbedCode": "https://www.youtube.com/embed/T95zFC4Z2pY", "Country": "IN", "Genre": "Drama", "CensorRating": "U/A", "Runtime": "128", "Id": "78b729c8"},{"PosterPath": "https://s3-ap-southeast-1.amazonaws.com/cinemalytics/movie/34CF3E9781CEE36117AC1BEB68AEEC0E.jpg", "Rating": "2.45", "ReleaseDate": "3/6/2015", "Description": "", "Title": "Hey Bro", "ImdbId": "tt2345634", "Region": "BOLLYWOOD", "RatingCount": "10", "Budget": "150000000", "TrailerLink": "https://www.youtube.com/watch?v=wu55BQG-W7M", "Revenue": "12600000", "OriginalTitle": "Hey Bro", "TrailerEmbedCode": "https://www.youtube.com/embed/wu55BQG-W7M", "Country": "IN", "Genre": "Drama", "CensorRating": "U/A", "Runtime": "120", "Id": "e4accca0"},{"PosterPath": "https://s3-ap-southeast-1.amazonaws.com/cinemalytics/movie/94BB239C2115D62A7A711CFDDB954055.jpeg", "Rating": "3.4", "ReleaseDate": "8/14/2015", "Description": "", "Title": "Brothers", "ImdbId": "tt3802576", "Region": "BOLLYWOOD", "RatingCount": "14", "Budget": "820000000", "TrailerLink": "https://youtu.be/QuRSCU0tOKs", "Revenue": "1226200000", "OriginalTitle": "Brothers", "TrailerEmbedCode": "https://www.youtube.com/embed/QuRSCU0tOKs", "Country": "IN", "Genre": "Action", "CensorRating": "U/A", "Runtime": "156", "Id": "4802f5d6"},{"PosterPath": "https://s3-ap-southeast-1.amazonaws.com/cinemalytics/movie/E25E978CFF4984AB9FD976E1E32FA31E.jpg", "Rating": "4.05", "ReleaseDate": "1/23/2015", "Description": "", "Title": "Baby", "ImdbId": "tt3848892", "Region": "BOLLYWOOD", "RatingCount": "17", "Budget": "589700000", "TrailerLink": "https://www.youtube.com/watch?v=-Yu_2nyOP5o", "Revenue": "1250000000", "OriginalTitle": "Baby", "TrailerEmbedCode": "https://www.youtube.com/embed/-Yu_2nyOP5o", "Country": "IN", "Genre": "Action", "CensorRating": "U/A", "Runtime": "159", "Id": "d1a6fa09"},{"PosterPath": "https://s3-ap-southeast-1.amazonaws.com/cinemalytics/movie/0B2AB5DB7637FED5B8CD76D49E94A552.jpg", "Rating": "2.59583", "ReleaseDate": "7/3/2015", "Description": "", "Title": "Guddu Rangeela", "ImdbId": "tt4684028", "Region": "BOLLYWOOD", "RatingCount": "12", "Budget": "150000000", "TrailerLink": "https://www.youtube.com/watch?v=EOGKZTxvCss", "Revenue": "73600000", "OriginalTitle": "Guddu Rangeela", "TrailerEmbedCode": "https://www.youtube.com/embed/EOGKZTxvCss", "Country": "IN", "Genre": "Drama", "CensorRating": "U/A", "Runtime": "124", "Id": "8047a4c0"},{"PosterPath": "https://s3-ap-southeast-1.amazonaws.com/cinemalytics/movie/A5D32DDBBAE291BE89165B33E1295CC2.jpg", "Rating": "3.75", "ReleaseDate": "2/27/2015", "Description": "", "Title": "Dum Laga Ke Haisha", "ImdbId": "tt3495030", "Region": "BOLLYWOOD", "RatingCount": "15", "Budget": "150000000", "TrailerLink": "https://www.youtube.com/watch?v=lFZpPpSU3k0", "Revenue": "1000000000", "OriginalTitle": "Dum Laga Ke Haisha", "TrailerEmbedCode": "https://www.youtube.com/embed/lFZpPpSU3k0", "Country": "IN", "Genre": "Drama", "CensorRating": "U/A", "Runtime": "110", "Id": "3317cd45"},{"PosterPath": "https://s3-ap-southeast-1.amazonaws.com/cinemalytics/movie/F7CBAAD11D35283EF708E60CF803BDCF.jpg", "Rating": "4.39048", "ReleaseDate": "7/31/2015", "Description": "", "Title": "Drishyam", "ImdbId": "tt4430212", "Region": "BOLLYWOOD", "RatingCount": "21", "Budget": "620000000", "TrailerLink": "https://www.youtube.com/watch?v=AuuX2j14NBg", "Revenue": "738400000", "OriginalTitle": "Drishyam", "TrailerEmbedCode": "https://www.youtube.com/embed/AuuX2j14NBg", "Country": "IN", "Genre": "Drama", "CensorRating": "U/A", "Runtime": "163", "Id": "94c70718"},{"PosterPath": "https://s3-ap-southeast-1.amazonaws.com/cinemalytics/movie/36D771643373C6CB1A87AC1560CFD5B4.jpg", "Rating": "3.8", "ReleaseDate": "2/20/2015", "Description": "", "Title": "Badlapur", "ImdbId": "tt3678782", "Region": "BOLLYWOOD", "RatingCount": "16", "Budget": "250000000", "TrailerLink": "https://www.youtube.com/watch?v=9KEoZanqlOE", "Revenue": "770000000", "OriginalTitle": "Badlapur", "TrailerEmbedCode": "https://www.youtube.com/embed/9KEoZanqlOE", "Country": "IN", "Genre": "Drama", "CensorRating": "U/A", "Runtime": "147", "Id": "b14e33c0"},{"PosterPath": "https://s3-ap-southeast-1.amazonaws.com/cinemalytics/movie/0A11B1F4D17CD685C85410D6E9E549C0.jpg", "Rating": "2.05", "ReleaseDate": "1/9/2015", "Description": "", "Title": "Tevar", "ImdbId": "tt3398048", "Region": "BOLLYWOOD", "RatingCount": "9", "Budget": "400000000", "TrailerLink": "https://www.youtube.com/watch?v=LvMpWn2CNzs", "Revenue": "560000000", "OriginalTitle": "Tevar", "TrailerEmbedCode": "https://www.youtube.com/embed/LvMpWn2CNzs", "Country": "IN", "Genre": "Drama", "CensorRating": "U/A", "Runtime": "159", "Id": "c4237548"},{"PosterPath": "https://s3-ap-southeast-1.amazonaws.com/cinemalytics/movie/4868963F19DCD68C6700F48EA4416AF8.jpg", "Rating": "3.47333", "ReleaseDate": "6/5/2015", "Description": "", "Title": "Dil Dhadakne Do", "ImdbId": "tt4110568", "Region": "BOLLYWOOD", "RatingCount": "15", "Budget": "850000000", "TrailerLink": "https://www.youtube.com/watch?v=ZlIaiLoBEvk", "Revenue": "1440000000", "OriginalTitle": "Dil Dhadakne Do", "TrailerEmbedCode": "https://www.youtube.com/embed/ZlIaiLoBEvk", "Country": "IN", "Genre": "Drama", "CensorRating": "U/A", "Runtime": "170", "Id": "6a2356cc"},{"PosterPath": "https://s3-ap-southeast-1.amazonaws.com/cinemalytics/movie/230064BED3AED0E480135E74A84CF3C0.jpg", "Rating": "1.55", "ReleaseDate": "2/11/2015", "Description": "", "Title": "Roy", "ImdbId": "tt2976182", "Region": "BOLLYWOOD", "RatingCount": "7", "Budget": "400000000", "TrailerLink": "https://www.youtube.com/watch?v=ahz3kTiGo3s", "Revenue": "580000000", "OriginalTitle": "Roy", "TrailerEmbedCode": "https://www.youtube.com/embed/ahz3kTiGo3s", "Country": "IN", "Genre": "Action", "CensorRating": "U/A", "Runtime": "146", "Id": "b948a38b"},{"PosterPath": "https://s3-ap-southeast-1.amazonaws.com/cinemalytics/movie/016453E626732C541D417607B27905E3.jpg", "Rating": "2.85", "ReleaseDate": "5/15/2015", "Description": "", "Title": "Bombay Velvet", "ImdbId": "tt2979920", "Region": "BOLLYWOOD", "RatingCount": "12", "Budget": "1200000000", "TrailerLink": "https://www.youtube.com/watch?v=AmMIQZ1TAig", "Revenue": "318500000", "OriginalTitle": "Bombay Velvet", "TrailerEmbedCode": "https://www.youtube.com/embed/AmMIQZ1TAig", "Country": "IN", "Genre": "Drama", "CensorRating": "U/A", "Runtime": "149", "Id": "f440f290"},{"PosterPath": "https://s3-ap-southeast-1.amazonaws.com/cinemalytics/movie/E8A8A8A35BC795046BDE5425D8C8233C.jpg", "Rating": "4.1", "ReleaseDate": "7/17/2015", "Description": "", "Title": "Bajrangi Bhaijaan", "ImdbId": "tt3863552", "Region": "BOLLYWOOD", "RatingCount": "17", "Budget": "900000000", "TrailerLink": "https://www.youtube.com/watch?v=vyX4toD395", "Revenue": "6260000000", "OriginalTitle": "Bajrangi Bhaijaan", "TrailerEmbedCode": "https://www.youtube.com/embed/vyX4toD395U", "Country": "IN", "Genre": "Drama", "CensorRating": "U/A", "Runtime": "163", "Id": "d2194d76"},{"PosterPath": "https://s3-ap-southeast-1.amazonaws.com/cinemalytics/movie/41A5DF88753FA2577FBEE6DEAC6A69C3.jpg", "Rating": "3.85", "ReleaseDate": "5/8/2015", "Description": "", "Title": "Pik", "ImdbId": "tt3767372", "Region": "BOLLYWOOD", "RatingCount": "16", "Budget": "420000000", "TrailerLink": "https://www.youtube.com/watch?v=oeiKUlUUNQ8", "Revenue": "1040000000", "OriginalTitle": "Pik", "TrailerEmbedCode": "https://www.youtube.com/embed/oeiKUlUUNQ8", "Country": "IN", "Genre": "Action", "CensorRating": "U/A", "Runtime": "123", "Id": "1eb69cf7"},{"PosterPath": "https://s3-ap-southeast-1.amazonaws.com/cinemalytics/movie/A5A1C2971916D5C49B7B6A01F2A47876.jpg", "Rating": "3.5", "ReleaseDate": "2/6/2015", "Description": "", "Title": "Shamitabh", "ImdbId": "tt3836958", "Region": "BOLLYWOOD", "RatingCount": "14", "Budget": "250000000", "TrailerLink": "https://www.youtube.com/watch?v=CzJfGRrHlxY", "Revenue": "0", "OriginalTitle": "Shamitabh", "TrailerEmbedCode": "https://www.youtube.com/embed/CzJfGRrHlxY", "Country": "IN", "Genre": "Action", "CensorRating": "U/A", "Runtime": "155", "Id": "c945692d"}]
